3094 5052
554 435 772 500 CARMEN
804 435 875 499 LII.

400 625 526 708 Lingua
547 624 602 688 sed
625 634 744 709 torpet,
765 625 874 687 tenuis
896 623 954 686 sub
975 633 1064 688 artus

399 737 540 801 Flamma
560 735 725 821 demanat,
747 738 858 800 sonitu
879 745 992 821 suopte

399 849 578 912 Tintinant
600 866 703 932 aures,
727 849 858 931 gemina
879 857 1034 932 teguntur

530 957 670 1023 Lumina
691 971 799 1024 nocte.

398 1073 527 1157 Otium,
549 1071 690 1156 Catulle,
712 1073 775 1136 tibi
799 1074 972 1136 molestum
995 1084 1064 1137 est:

400 1185 483 1249 Otio
504 1185 627 1248 exultas
648 1186 850 1268 nimiumque
875 1187 985 1268 gestis.

400 1298 516 1362 Otium
538 1308 571 1360 et
593 1317 682 1381 reges
704 1301 792 1382 prius
813 1308 847 1361 et
870 1300 981 1362 beatas

530 1410 674 1474 Perdidit
696 1413 799 1474 urbes·

681 1591 751 1656 LII.

314 1703 407 1785 Qv11>
428 1714 489 1789 est,
512 1703 667 1768 Catulle?
695 1704 772 1788 quid
796 1705 931 1768 moraris
950 1705 1077 1767 emori?

356 1817 441 1881 Sella
463 1819 500 1879 in
521 1817 623 1880 curuli
645 1816 772 1880 Struma
794 1816 925 1880 Nonius
946 1817 1050 1900 sedet,

255 1983 305 2036 Ll.
318 2001 387 2050 9-12
424 1982 494 2036 ἀλλὰ
511 2004 562 2052 stop
578 1983 626 2051 μὲν
642 1985 756 2054 γλῶσσα
772 1983 842 2053 ἔαγε,
860 1981 958 2035 λέπτον
975 1979 997 2034 δ’

423 2057 511 2107 αὔτικα
528 2059 585 2124 χρῶ
601 2056 653 2124 πῦρ
672 2053 879 2122 ὖποόσδρόμακεν

424 2125 573 2179 institeret
591 2123 613 2178 δ’
632 2124 707 2179 attin
724 2123 808 2194 ὅρημ’,
827 2123 947 2194 ἐπιρρόμ-

527 2198 601 2262 βασι
619 2193 641 2248 δ’
659 2195 758 2248 ἅκοναι.

179 2371 204 2406 2.
222 2353 327 2406 Marius
345 2353 502 2406 Victorinus
518 2369 566 2417 174
580 2353 616 2405 G.
631 2367 699 2417 2575
714 2351 746 2404 P.
783 2351 844 2404 Erit
862 2351 890 2404 in
908 2351 1035 2419 exemplo
1053 2350 1141 2404 ‘Sella
1159 2349 1186 2403 in
1204 2351 1291 2404 curuli

144 2423 252 2478 ‘scrofa
264 2424 370 2477 Nonius
385 2423 480 2477 sedet!
519 2423 580 2476 Fiat
592 2429 699 2476 mutato
716 2431 833 2475 accentu
846 2438 897 2491 pro
911 2421 990 2475 sedet
1007 2421 1086 2488 sedit,
1099 2423 1151 2475 erit
1163 2422 1292 2478 claudus:

181 2617 221 2652 10.
256 2599 270 2644 l·
280 2598 376 2646 ionum
393 2600 418 2651 Β
430 2617 465 2651 m.
471 2609 501 2666 p.
515 2597 606 2651 GHOa
679 2594 1002 2666 FlaminatPhillippensis
1073 2594 1186 2648 domant
1198 2597 1233 2650 H.

181 2687 221 2722 11.
257 2669 452 2722 Tintinaniah
463 2669 646 2722 Riccardianw
725 2669 730 2714 Ι
747 2667 854 2714 onorio
878 2667 1034 2719 ACGLa'W
1098 2665 1290 2721 TintinatLa¹

145 2739 248 2793 Intinat
260 2741 311 2792 ΗΒ
323 2739 496 2810 Philippensis
567 2739 733 2792 Tintinnant
746 2740 798 2792 DL
880 2737 1023 2790 Tintiato
1101 2739 1209 2805 gemino
1222 2739 1292 2792 inte·

142 2819 241 2876 guntur
254 2811 394 2864 Lambimss
406 2811 444 2862 od
454 2813 555 2863 Lucret.
568 2811 620 2863 111.
634 2827 665 2861 υ
766 2808 875 2875 gemina
888 2815 916 2860 et
929 2808 1069 2878 Spmgelius
1167 2811 1292 2876 geminae

143 2882 298 2935 &tradem
310 2882 417 2934 Lachm.
431 2881 551 2934 Schwab.
566 2880 700 2949 Westphal.
771 2885 899 2945 tegantur
910 2879 945 2932 H.

180 2971 220 3006 η.
256 2953 360 3000 limma
378 2953 562 3006 ACGHLaW.
603 2952 739 3005 Posthunt
752 2969 851 3003 uersum
862 2950 981 3004 lacunam
992 2952 1115 3004 indicauit
1126 2949 1293 3004 Rossbachius

144 3023 240 3076 Ocium
260 3023 322 3076 coa
423 3023 521 3075 catulle
537 3025 580 3076 Bo
679 3021 761 3075 catuli
777 3019 856 3074 Lo¹O
955 3023 1043 3067 ‹.11·.:t=
1063 3021 1297 3076 ACDGHLLa²V

141 3095 316 3164 Philippensis
386 3093 436 3146 tibi
448 3103 489 3146 est
502 3093 580 3146 nobis
593 3094 737 3146 molestum
749 3113 776 3145 a.

180 3184 220 3230 14.
258 3165 330 3218 Ocio
343 3165 413 3218 coa.

179 3253 220 3302 ις.
258 3236 359 3288 Ocium
372 3235 433 3288 coa
511 3241 540 3288 et
552 3255 601 3288 om.
615 3237 644 3288 V.

179 3311 220 3360 1⁶.
257 3307 333 3359 Hanc
353 3307 485 3376 stropham
506 3307 540 3359 ab
560 3306 644 3359 aliena
667 3325 746 3359 manu
768 3307 894 3360 adiectam
915 3307 1156 3375 Martyni-Lagwso
1176 3305 1293 3360 Haodius

143 3379 252 3447 Silligius
274 3377 478 3446 stgelcsussenus
497 3376 679 3444 arbitram,-
706 3377 772 3430 aiius
789 3380 914 3446 poematis
934 3397 986 3430 esse
1003 3379 1119 3429 Petreius
1139 3376 1293 3430 Roboreeltus

143 3450 237 3502 Statius
253 3448 382 3520 ‘i'eoffilius
397 3449 520 3518 Bergkius
537 3449 654 3501 Eduard.
669 3468 687 3502 a
704 3449 812 3501 Bruner.
849 3448 989 3518 Spengelius
997 3461 1048 3518 pro
1054 3447 1206 3516 fragmento
1217 3447 1293 3501 babet

142 3522 264 3573 camnis
284 3519 349 3586 quod
365 3519 401 3572 aei
422 3521 546 3571 Licinium
567 3521 665 3572 miserit
686 3518 800 3572 Catullus
822 3517 869 3587 (L.
886 3519 941 3588 16),
962 3519 1019 3586 Psei
1039 3538 1096 3571 erus
1114 3518 1195 3586 Symb.
1213 3531 1241 3588 p.
1257 3537 1291 3584 49

138 3603 185 3659 pro
201 3594 303 3660 integro
320 3592 440 3648 cas-minei
476 3590 626 3643 Schwabius
643 3591 691 3642 duo
709 3592 826 3642 carmina
844 3601 924 3642 metro
940 3603 1002 3658 sopp
1020 3592 1056 3643 ico
1073 3591 1220 3659 conscripta,
1237 3609 1293 3642 cum

143 3661 199 3714 olim
219 3665 248 3716 in
270 3661 320 3713 hac
338 3661 397 3713 libri
418 3661 558 3714 Catulliani
569 3671 648 3730 parte
665 3659 731 3713 nullo
749 3661 801 3713 olio
819 3663 946 3714 interiecto
966 3671 1105 3726 exstarent,
1123 3671 1148 3712 et
1168 3662 1195 3713 in
1216 3680 1293 3713 unum

142 3734 193 3785 iam
204 3732 309 3802 pridem
316 3731 390 3797 saiso
402 3731 556 3798 coaluissent,
568 3751 586 3784 a
599 3732 684 3785 scriba
698 3733 737 3784 ita
749 3733 827 3784 eredit
839 3731 959 3785 mutilata
966 3732 1058 3798 fuisse,
1071 3742 1099 3783 ut
1110 3741 1135 3782 et
1143 3734 1294 3800 posteriores

140 3807 231 3871 prioris
241 3804 365 3856 rarrninis
378 3802 426 3854 Ille
435 3803 472 3854 mi
482 3819 531 3870 par
538 3813 563 3854 et
569 3805 669 3872 priores
675 3805 822 3872 posterioris
832 3804 953 3856 carminis
961 3803 1079 3872 strophae
1090 3821 1176 3854 errore
1187 3803 1294 3870 quodam

143 3877 325 3927 ooiteereneur.
362 3875 417 3925 Wes
444 3873 512 3926 balio
524 3871 567 3944 (p
577 3873 627 3942 48)
640 3893 717 3926 nexio
729 3874 770 3925 hic
781 3884 827 3926 est.
862 3875 974 3926 ‘Amore
986 3872 1090 3926 Lesbiae
1101 3873 1209 3926 deuictus
1221 3893 1295 3940 sum5

145 3945 205 3998 ‘sed
214 3948 256 3998 hie
268 3963 345 3997 amor
354 3884 520 3997 dissozendus
536 3955 581 4009 est,
594 3964 624 3997 ne
634 3944 668 3997 ab
680 3947 728 3996 otio
740 3946 817 3997 nimio
828 3955 907 4011 ortus,
918 3947 1025 3998 exitium
1037 3942 1137 3998 Catullo
1148 3945 1254 4016 afferat,
1266 3957 1295 3998 ut

145 4017 288 4085 ‘quondam
301 4015 394 4068 Paridi
404 4034 435 4068 ae
448 4017 561 4069 Troianis
573 4017 649 4069 exitio
653 4016 711 4082 ficit
723 4035 798 4068 amor
809 4014 921 4069 mulieris
933 4015 1046 4069 alienae!

147 4253 152 4265 Ι
178 4185 203 4233 tn
223 4183 340 4233 Nouium
363 4179 599 4236 ABGHLLo¹La²
684 4111 900 4236 lili'Nouiums
999 4183 1032 4237 ln
1044 4182 1165 4236 Nouium
1177 4189 1206 4237 et
1218 4182 1253 4237 ad
1265 4199 1295 4238 se

145 4269 229 4378 spspm
240 4273 340 4378 ἓῐιιΗε
352 4324 450 4403 BGOV
514 4324 602 4378 catule
616 4321 668 4378 Lol
750 4325 842 4378 catulli
856 4326 961 4378 ADGL
1043 4273 1156 4394 qiido
1233 4341 1294 4380 mo-

145 4395 219 4465 riaris
232 4397 261 4449 H
329 4412 395 4444 mors
411 4395 479 4448 codd.
492 4414 574 4449 omnes
585 4397 676 4449 sinceri
745 4395 832 4448 emori
846 4397 897 4449 Vir.

180 4485 205 4520 s.
240 4465 341 4520 curnsli
356 4467 385 4518 A
436 4467 568 4520 curuluO
620 4466 731 4520 curs-ulli
742 4467 779 4519 ob
832 4465 922 4519 scrofa
932 4469 972 4520 M.
982 4469 1123 4521 Wetorinus
1135 4479 1176 4521 ter
1186 4483 1253 4534 2575
1263 4471 1295 4522 P.

143 4541 233 4588 sossius
251 4535 523 4592 BCGHLa¹Ia²OVh
594 4553 681 4590 nouus
695 4538 763 4590 ALa
834 4537 929 4590 neuius
945 4540 973 4591 D
1044 4539 1141 4592 nonius
1155 4541 1294 4594 Wctorinus
