3118 5054
641 407 863 472 CARMEN
893 407 917 470 l.

379 595 527 682 Corneli,
549 597 629 661 tibi:
658 615 795 681 namque
818 608 852 662 tu
875 597 999 660 solebas

423 707 518 772 Meas
541 728 609 771 esse
631 707 752 791 aliquid
774 717 886 792 putare
908 721 1029 791 nugas;

380 819 449 882 lam
471 829 536 886 tam
558 841 630 884 curn
653 841 747 884 ausus
769 841 907 884 eronus
930 819 1083 884 Italorum

423 931 529 994 Omne
552 951 667 995 aeuum
689 932 792 995 tribus
812 933 970 1016 explicare
993 935 1091 996 cartis

422 1043 549 1128 Doctis‚
572 1043 725 1129 luppiter,
748 1053 782 1107 et
805 1044 982 1107 laboriosis.

379 1157 487 1244 Qare
509 1158 589 1221 habe
610 1159 673 1222 tibi
696 1157 845 1241 quicquid
868 1157 928 1220 hoc
951 1158 1052 1220 libelli

423 1271 674 1356 Qualecunque3
703 1270 787 1354 quod
810 1295 827 1336 o
851 1281 984 1355 patrona
1006 1271 1109 1356 uirgo,

240 1495 266 1544 3,
280 1497 306 1542 4.
325 1477 395 1530 Plin.
409 1479 448 1532 H.
461 1477 496 1532 N.
510 1478 598 1533 Praef.
612 1497 635 1532 r.
672 1477 771 1532 Libros
788 1479 918 1531 naturalis
932 1477 1060 1531 historiae
1073 1479 1211 1533 nouicium
1225 1481 1353 1534 Camenis

200 1550 356 1620 Qiritium
374 1556 485 1602 tuorum
499 1566 566 1617 opus
585 1557 663 1604 natos
681 1549 752 1618 apud
769 1565 814 1602 me
832 1549 957 1618 proxima
972 1547 1061 1602 fetura
1081 1549 1222 1604 licentiore
1239 1553 1354 1620 epistula

199 1636 316 1674 narrare
337 1621 466 1672 constitui
485 1621 534 1672 tibi
551 1621 741 1674 iucundissime
759 1621 898 1688 inperator
916 1619 966 1688 (sit
984 1621 1057 1672 enim
1076 1619 1144 1674 haec
1162 1623 1201 1673 tui
1218 1623 1353 1690 praefatio

199 1691 352 1754 uerissima,
365 1692 432 1746 dum
450 1693 587 1746 maxumei
604 1692 775 1744 consenescit
793 1692 821 1744 in
840 1689 933 1760 patre)
946 1706 1064 1758 namque
1082 1697 1113 1744 tu
1131 1692 1238 1745 solebas
1255 1701 1352 1761 putare

200 1777 263 1815 esse
276 1761 378 1830 aliquid
391 1778 465 1814 meas
478 1779 575 1828 nugas:
594 1769 624 1816 ut
637 1763 747 1815 obicere
760 1762 857 1816 moliar
868 1761 1006 1814 Catullum
1018 1767 1230 1816 conterraneum
1243 1781 1352 1830 meum;

199 1832 347 1898 adgnoscis
359 1838 388 1884 et
404 1832 457 1886 hoc
474 1839 611 1887 castrense
628 1831 759 1898 uerbum;
777 1833 821 1885 ille
834 1833 908 1886 enirn
925 1839 956 1884 ut
975 1832 1027 1884 scis
1044 1834 1206 1900 permutatis
1218 1835 1353 1901 prioribus

199 1903 312 1972 syllabis
327 1902 510 1956 duriusculum
527 1920 556 1957 se
573 1902 641 1958 lecit
654 1919 736 1973 quam
754 1903 865 1957 uolebat
883 1903 1040 1956 existumari
1055 1919 1071 1956 a
1085 1903 1235 1957 Veraniolis
1253 1906 1307 1958 suis
1321 1913 1351 1959 et

202 1973 333 2027 Fabulis.
351 1973 421 2043 (uide
432 1973 588 2044 excurswn.)

240 2050 303 2109 5-8.
321 2043 511 2112 Postreugicus
527 2046 563 2098 de
576 2045 667 2112 Origg.
682 2045 786 2098 Rerum
799 2061 825 2113 p.
838 2049 869 2098 1⁶
881 2065 899 2098 a
971 2045 1016 2097 De
1035 2044 1080 2098 illo
1098 2044 1153 2097 dici
1171 2045 1255 2112 possit
1273 2047 1347 2114 quod

199 2115 298 2169 scribit
311 2115 475 2169 Veronensis
494 2125 575 2184 poeta
593 2115 686 2169 dicens
756 2118 845 2168 Ausus
856 2115 969 2184 quidem
981 2131 1050 2169 unus
1066 2116 1196 2168 Italorum
1261 2118 1351 2171 Omne

199 2203 303 2240 aeuum
315 2185 401 2239 tribus
413 2187 548 2256 explicare
560 2188 660 2241 chartis
673 2187 698 2240 .i.
711 2187 891 2240 uoluminibus
908 2187 1010 2254 lupiter
1022 2187 1110 2240 doctis
1122 2194 1151 2240 et
1164 2187 1312 2242 laboriosis.

198 2407 282 2460 arido
293 2409 320 2460 in
332 2417 410 2472 textu,
422 2405 498 2460 arida
511 2409 538 2461 in
551 2427 644 2476 marg„
656 2417 703 2460 aut
718 2409 769 2478 ipse
783 2426 815 2459 ex
828 2408 912 2460 Seruio
924 2407 964 2458 uel
969 2410 1143 2478 grammatico
1155 2406 1231 2461 arida
1245 2411 1352 2478 sumpsit

199 2477 284 2548 (quod
290 2497 338 2530 non
347 2477 441 2548 eredo),
449 2489 494 2530 atet
504 2478 567 2531 oculi
574 2497 659 2532 errore
666 2479 776 2547 deceptus
785 2495 802 2531 a
814 2497 869 2530 cum
879 2494 897 2530 0
909 2480 1027 2532 mutauit.
1063 2479 1115 2530 Nee
1123 2480 1204 2532 Seruii
1215 2479 1292 2532 uerba
1303 2479 1351 2532 huc

198 2551 341 2602 necessario
358 2549 490 2616 referenda
508 2560 574 2614 sunt,
594 2550 639 2601 sed
657 2549 694 2602 od
710 2568 809 2602 uersum
826 2551 957 2614 amissum,
976 2549 1181 2616 quemadmodum
1190 2551 1235 2616 sr.
1252 2568 1291 2616 ro,
1308 2568 1337 2604 11
1342 2589 1350 2616 ‚

187 2622 313 2687 fartam
323 2620 449 2686 etramsr.
464 2637 503 2673 ra.
539 2619 633 2672 Eodem
648 2621 719 2673 modo
730 2639 792 2688 qruse
804 2621 833 2672 de
846 2620 958 2672 Carbasa
962 2619 1102 2686 foeminino
1113 2621 1231 2674 dicuntur
1243 2621 1256 2690 (
1256 2622 1300 2688 sr.
1314 2620 1350 2690 7)

196 2691 234 2743 ab
246 2693 382 2760 interprete
394 2692 524 2744 Veronensi
535 2691 572 2743 ad
584 2692 647 2744 Aen.
662 2692 734 2744 VIII.
749 2708 790 2756 34,
802 2692 825 2743 si
837 2709 894 2742 uere
905 2689 1032 2743 Camillum
1049 2691 1085 2744 ibi
1096 2694 1195 2744 coniecit
1208 2693 1304 2758 Maius,
1316 2693 1354 2744 ad

198 2763 301 2814 LXIV.
316 2777 365 2824 227
380 2761 506 2815 relaturus
517 2781 598 2827 eram,
611 2763 659 2815 ns'si
671 2761 747 2814 uerba
763 2761 858 2830 aliquot
870 2773 1021 2830 superessent
1032 2762 1097 2814 alius
1114 2762 1169 2815 loci.
1204 2764 1257 2814 Pro
1274 2763 1351 2816 arido

196 2842 256 2884 stat
267 2833 345 2884 etiam
358 2832 493 2885 Martialis
507 2833 578 2885 VIII.
590 2849 632 2896 72.
644 2850 668 2886 2.
693 2833 808 2885 ‘Morsu
821 2832 934 2899 pumicis
946 2831 1013 2884 aridi
1025 2833 1141 2899 politus‚'
1152 2843 1178 2885 et
1186 2832 1255 2886 Plini
1267 2834 1302 2886 H.
1314 2834 1350 2886 N.

198 2904 336 2955 XXXVI.
347 2919 405 2968 154.
441 2904 490 2956 Sed
494 2913 552 2974 post
561 2905 726 2956 Parthenium
735 2903 838 2956 editores
840 2903 901 2969 fere
909 2921 991 2956 omnes
1000 2903 1075 2956 arida
1082 2905 1239 2957 admiserunt
1244 2915 1352 2973 praeter

198 2973 349 3026 Palladium
362 2975 472 3027 Statium
485 2975 559 3026 (ἴων.
572 2975 601 3026 de
613 2973 682 3027 Allio
694 2975 887 3026 tachmamum
900 2975 1047 3042 Houptium.

197 3045 301 3114 punice
315 3044 489 3098 ABDwVa
500 3045 614 3112 punicae
626 3047 804 3113 Postrengicus
816 3044 975 3112 expollitum
987 3063 1014 3098 a.

237 3133 264 3182 3.
300 3119 429 3172 Cornelii
455 3118 505 3173 tlbi
518 3117 587 3170 codd.
598 3115 728 3186 plerique,·
745 3125 907 3168 correxerunt
919 3115 989 3168 Itali.
1002 3131 1110 3184 nanque
1123 3115 1218 3170 CDLc.

236 3207 264 3251 4.
300 3190 379 3244 Meas
397 3186 476 3250 codd„
494 3189 590 3239 Terent.
604 3188 714 3239 Maurus
729 3189 807 3251 ²5⁶4,
822 3203 834 3237 a
840 3189 899 3251 568,
916 3187 1019 3239 Marius
1037 3187 1176 3239 Victorinus
1184 3197 1214 3256 p.
1229 3189 1351 3252 259612„

200 3257 299 3311 Anias
318 3258 514 3310 Fortunatiano
529 3260 597 3320 2676
614 3259 655 3324 P.‚
679 3257 747 3310 Plin.
762 3258 852 3324 Praes.
870 3258 906 3310 II.
923 3257 961 3310 N.
1040 3257 1155 3311 Nostras
1173 3258 1309 3311 diarcilius
1326 3269 1352 3310 et

199 3329 310 3382 Vossius.

236 3417 263 3465 5.
302 3399 361 3452 Iam
377 3405 434 3452 tam
453 3399 477 3452 G
497 3398 555 3452 lam
573 3405 665 3452 tamen
679 3396 858 3452 AGDHLLo¹
876 3417 894 3452 a
911 3417 945 3452 m.
953 3411 997 3469 pr.
1010 3397 1116 3452 talou
1129 3398 1188 3452 lam
1202 3405 1262 3453 tum
1276 3398 1350 3467 habs,

196 3489 287 3540 marg.
299 3471 335 3537 H,
351 3470 390 3524 ed.
402 3472 449 3522 Pr.
466 3485 496 3522 es
513 3469 547 3521 hb
562 3471 602 3523 ed.
614 3472 661 3523 Pr.
697 3480 738 3528 est
751 3473 806 3546 (er)
821 3479 878 3523 cett.

235 3545 263 3595 6.
306 3544 387 3597 cartis
396 3539 552 3594 BGLa¹OV
558 3540 614 3593 abc.

236 3628 263 3677 7.
301 3612 406 3680 Iupiter
422 3613 448 3665 h.

236 3689 263 3736 8.
306 3687 354 3740 tibi
374 3685 443 3738 habe
463 3681 534 3750 codd.¹
551 3692 687 3753 praeterr
712 3679 782 3734 habe
798 3681 877 3735 tibic
902 3680 972 3734 habe
996 3680 1049 3735 hoc
1073 3680 1122 3734 nbi
1146 3681 1185 3735 ed.
1201 3683 1248 3734 Pr.
1273 3682 1350 3750 quic·

1192 3751 1269 3790 atam

197 3803 261 3874 quit
280 3806 307 3856 V
405 3803 535 3872 quicquid
552 3813 610 3856 cett.
710 3809 752 3855 est
771 3814 821 3873 pro
841 3802 894 3855 boc
912 3803 937 3867 d,
959 3821 1044 3872 marg.
1063 3803 1093 3855 II
1190 3802 1271 3856 libelli
1297 3804 1349 3858 AG

198 3876 254 3928 mei
274 3873 356 3928 La²t⁷
369 3874 449 3927 libelli
474 3883 531 3926 cett.
555 3881 598 3927 est
615 3885 675 3943 post
703 3873 784 3927 libelli
808 3873 906 3926 addrost
929 3873 997 3927 Scol.
1020 3875 1088 3927 Gonr
1110 3873 1141 3927 de
1165 3874 1242 3928 Attio.
1267 3875 1349 3944 Sittp.

198 3945 273 3998 Pobl.
296 3944 427 4014 quicquid
451 3952 493 3998 est
517 3943 597 3998 libelli
620 3945 660 3998 ed.
683 3947 730 3998 Pr.
752 3945 875 3997 Parthen.
898 3944 959 3997 Atd.
981 3945 1090 3998 Guarin.
1144 3944 1193 3997 Sed
1214 3947 1249 4012 cs.
1275 3947 1349 4015 Verg.

200 4018 350 4082 Aen.l.78,
364 4015 581 4085 ‘Quodcumque
594 4015 753 4082 hocregni!
789 4016 874 4068 Mart.
886 4015 942 4068 VII.
953 4018 995 4081 26,
1005 4033 1029 4081 3.
1101 4015 1228 4069 Catulum
1241 4019 1350 4085 respexit

198 4087 347 4142 ominus
365 4087 396 4140 de
416 4087 456 4138 dic
474 4086 568 4139 Natali
587 4089 609 4140 l.
628 4087 838 4156 ‘Quodcunque
857 4085 910 4139 hoc
925 4086 986 4138 libri
1008 4093 1050 4139 est
1071 4088 1139 4140 meis
1156 4087 1253 4154 opibus
1271 4103 1347 4141 com·

198 4161 344 4226 ‘paratum
356 4157 472 4211 natalicii
485 4157 565 4210 titulo
576 4157 625 4211 tibi
639 4157 716 4210 misi!
776 4158 838 4209 Post
849 4175 874 4210 u.
888 4161 902 4208 8
916 4164 992 4210 unum
1009 4177 1108 4211 uersum
1119 4159 1240 4212 excidisse
1251 4170 1349 4212 current

198 4230 307 4284 Locbrn.
320 4231 417 4298 IIarpt.
452 4228 494 4294 Cfi
508 4230 623 4281 leutsch.
636 4229 716 4282 Nunt.
730 4228 812 4281 Erud.
825 4228 938 4298 Gotting.
952 4234 981 4280 18
985 4246 1027 4294 55.
1035 4242 1063 4298 p.
1077 4247 1153 4294 1991.

234 4319 260 4366 9.
306 4301 384 4370 quod
400 4299 683 4352 ABGGHLLPOVat
712 4297 823 4366 quidem
853 4299 933 4352 DLa¹
962 4319 980 4352 a
1010 4320 1045 4353 m.
1074 4319 1122 4352 sec.
1151 4299 1189 4353 ed.
1213 4303 1260 4354 Pr.
1287 4301 1348 4354 Ald.

198 4372 307 4425 Guarin.
320 4372 429 4424 Iacbm.
441 4371 537 4439 Ilaspt.
549 4370 636 4423 Rossb.
649 4369 805 4438 queldemb
879 4380 995 4444 patrona
1009 4375 1088 4444 uirgo
1102 4371 1171 4424 codd.
1182 4383 1287 4440 praeter
1301 4373 1350 4426 Ac

198 4449 313 4509 patrona
325 4443 431 4508 uirgine
443 4441 492 4494 Ac
551 4441 640 4494 oadd.
653 4441 784 4494 Palladius
798 4456 832 4492 en
845 4441 1010 4494 Rossbachius
1022 4443 1049 4494 in
1061 4443 1098 4495 ed.
1112 4443 1134 4494 I.
1201 4459 1218 4495 o
1231 4443 1348 4509 patrima

197 4513 277 4582 uirgo
296 4513 411 4583 Scaliger
448 4512 561 4580 Qualec.
581 4528 630 4580 per
648 4528 696 4565 ora
714 4511 789 4580 quod
807 4511 929 4564 uirorum
953 4515 1081 4567 Pantanus
1101 4513 1202 4566 testibus
1221 4513 1348 4581 Palladio,

750 4623 802 4670 ΒΖ
