3136 5060
625 415 847 476 EXCVRSVS.
1242 421 1297 480 ³⁶1

200 595 312 658 ¹Xicho
327 596 507 658 Polentonus
521 596 671 674 Eptileono
687 601 717 656 in
734 601 896 675 scriptorum
911 600 1062 658 illustrium
1076 600 1179 658 lotrnoe
1191 600 1303 676 languor

159 697 248 768 (usias
268 697 413 772 suppleuit
435 715 539 756 manus
563 693 663 774 altera)
686 696 768 756 Harl.
785 701 873 773 4769,
895 699 944 773 qui
966 698 1038 758 liber
1059 699 1234 776 perscriptus
1258 709 1302 758 est

158 795 206 854 die
227 793 302 853 XXI
323 793 388 853 Iulii
406 799 491 870 1438,
511 795 584 854 haec
605 795 674 855 dicit
690 796 737 855 lib.
753 795 793 854 11.
809 815 836 872 p.
853 794 923 871 30¹⁹.
965 795 1037 854 Fuit
1055 794 1180 854 Ener'lc'ccs
1200 793 1303 854 Macer

157 894 335 976 Veronensis.
376 891 450 953 Fuit
471 900 665 953 conterraneus
684 896 742 952 eius
768 894 896 954 Valerius
915 894 1053 955 Catullus.
1075 893 1141 953 bello
1161 893 1206 952 hie
1225 895 1307 952 crieili

159 993 234 1070 quod
251 993 280 1050 in
301 991 434 1051 Marium
456 990 538 1068 Sylla
553 995 642 1070 gessit
659 999 742 1051 nolus
763 1000 803 1051 est
829 993 954 1052 Veronae.
996 992 1079 1052 Diem
1103 1011 1168 1051 uero
1192 995 1250 1070 ipso
1273 993 1304 1050 in

159 1091 258 1148 aetolis
276 1091 357 1168 flore,
382 1093 553 1168 trigesimum
577 1091 675 1169 agebar
694 1111 807 1163 annum,
830 1093 924 1169 exegit
943 1090 1056 1152 Rornae.
1097 1091 1200 1150 Poeno
1222 1110 1302 1150 suunt

159 1190 278 1248 kobclur
304 1209 390 1248 unum
413 1191 454 1250 od
477 1191 634 1252 Cornelium
660 1189 785 1250 Gollriern
813 1192 981 1268 inscriptum.
1023 1190 1216 1267 Eprilrolanu'a
1241 1197 1307 1248 suni

161 1287 242 1346 rebus
255 1289 400 1346 amatoriis
412 1295 439 1346 et
455 1289 580 1347 losceue'es
593 1290 683 1364 pineo.
725 1287 871 1347 Feminam
884 1289 1023 1366 quondam
1036 1289 1084 1347 cui
1094 1307 1189 1347 uerunt
1206 1287 1232 1350 C
1232 1289 1304 1348 lodio

160 1405 256 1443 nonem
270 1393 331 1444 erol
341 1385 471 1445 Lesbiam
485 1389 591 1446 nomene
603 1393 705 1445 mutato
718 1387 828 1466 etsolso
842 1394 927 1459 uocol,
941 1387 1099 1464 eandemque
1112 1387 1197 1446 bosti’s
1212 1387 1305 1446 mullis

161 1485 274 1544 milibus
287 1484 385 1544 bosoni.
408 1484 465 1562 (Cl.
480 1484 544 1544 Cat.
556 1485 593 1556 V,
610 1499 636 1559 7,
651 1481 724 1562 10.)¹

204 1598 347 1676 Cynthius
361 1599 533 1660 Cenetensis
547 1601 641 1660 dictus
655 1619 673 1660 a
687 1600 799 1661 Ceneta
817 1601 930 1677 oppido
951 1618 1011 1660 non
1031 1600 1121 1677 longe
1142 1599 1266 1660 distante
1287 1617 1305 1660 a

164 1697 309 1769 Taruisio,
332 1700 413 1758 cuius
433 1701 510 1758 niro
530 1701 560 1757 in
580 1701 694 1776 elegrhco
714 1701 837 1758 cornn'ne
847 1699 981 1777 socilr'tos
999 1699 1048 1758 sed
1065 1701 1173 1757 ommno
1193 1697 1305 1758 clumbis

162 1805 244 1874 alque
263 1799 371 1856 enerueh
392 1799 479 1858 luisse
499 1799 601 1859 dicitur
615 1819 632 1858 a
646 1799 721 1858 Lilio
736 1798 865 1858 Geraldo
880 1799 910 1856 in
929 1799 1047 1874 dialogo
1062 1797 1076 1856 1
1091 1797 1127 1857 de
1146 1799 1239 1875 poetis
1261 1798 1304 1858 sui

163 1898 312 1975 temporis,
333 1899 364 1956 in
386 1898 596 1958 commentario
617 1898 654 1957 ad
672 1897 783 1974 Vergili
801 1897 962 1958 Aeneidem
983 1899 1125 1958 incertum
1147 1915 1206 1974 quo
1225 1915 1304 1956 anno

163 1998 273 2073 scripto
300 1997 353 2056 sed
384 2007 416 2055 ut
446 1997 559 2056 uidetur
586 1997 660 2056 inter
688 1992 890 2069 1400-1460⁸,
918 1995 996 2055 unde
1024 2005 1135 2072 partem
1163 2015 1238 2073 quae
1267 1995 1305 2056 ad

164 2096 275 2173 primos
300 2106 358 2154 tres
383 2096 472 2154 libros
500 2097 623 2172 pertinet
645 2095 742 2154 Maius
764 2095 854 2155 edidit
873 2095 904 2154 in
926 2094 1010 2154 Auct.
1033 2094 1305 2170 0111111313-

167 2196 235 2269 396,
257 2195 330 2254 haee
350 2193 438 2253 habet
458 2212 494 2254 ex
516 2193 638 2252 Catullo.
689 2194 763 2253 Aen.
785 2193 808 2252 1.
832 2213 850 2268 3
872 2193 1019 2253 Lauinia
1042 2193 1137 2252 uenit
1159 2193 1305 2254 Littora.

163 2293 208 2352 Ee
227 2312 280 2351 non
296 2293 420 2352 Laucno.
442 2291 532 2352 Silius
552 2291 679 2353 Iiole'cru.
726 2291 942 2370 Sceptraque
969 2290 1129 2352 fundauit
1156 2291 1305 2353 Teucris

163 2393 297 2453 lauinia
323 2395 445 2452 uictor.
490 2393 620 2454 Conellu's
645 2394 802 2453 Veronensis
825 2392 998 2452 ‘lauinius
1025 2391 1123 2453 acer!
1144 2393 1223 2453 unde
1245 2394 1306 2454 col-

164 2493 238 2570 ligas
259 2493 301 2552 sic
320 2493 459 2570 scriptum
476 2492 565 2552 fuisse
579 2493 609 2551 in
623 2493 725 2552 codioe
739 2491 844 2552 Catulli
858 2509 946 2568 quem
960 2491 1070 2552 uiderat
1084 2491 1235 2570 Cynthius,
1250 2511 1305 2570 pro

164 2591 368 2652 Lanuuinus
396 2601 469 2650 ater
498 2590 574 2669 (Cat
596 2591 737 2650 XXXIX.
752 2587 811 2668 12),
832 2589 1081 2668 quemadmodum
1103 2609 1182 2652 acer
1203 2591 1307 2668 legitur

165 2692 324 2750 etiamnum
339 2691 369 2748 in
384 2688 416 2747 H
430 2699 459 2748 et
472 2689 668 2766 Phillippensi.

207 2806 282 2865 Aen.
297 2806 353 2877 Ι.4
375 2803 472 2885 (Iuno)
492 2805 594 2863 dentur
620 2803 719 2864 Cincio
743 2804 816 2881 quod
839 2805 981 2882 cingulum
1005 2805 1140 2864 castilatis
1164 2805 1306 2874 resoluat,-

199 2979 293 3027 'Xicbi
309 2978 432 3026 Polemoni
448 2993 542 3025 mortem
561 2986 687 3040 temporum
705 2976 851 3024 lluratiesimi
868 2977 921 3033 uiri,
939 2991 998 3040 quae
1015 2978 1084 3024 uerba
1101 2985 1153 3025 sunt
1171 2977 1306 3042 Hieronymi

164 3062 303 3124 Sqmrzafici
319 3061 466 3109 Alexandrini
483 3062 506 3108 iu
522 3062 618 3122 epletius
637 3061 666 3107 ad
683 3061 810 3108 Antonium
827 3059 951 3108 Semchum
969 3059 1170 3122 Archiepircopum
1188 3061 1306 3108 Corinthi·

164 3160 252 3199 ensem,
271 3145 377 3205 impressa
395 3145 419 3191 in
436 3143 481 3191 fine
499 3143 548 3190 libri
567 3159 629 3191 enno
648 3152 710 3206 1477
727 3143 784 3190 editi
800 3143 910 3199 Venetis,
927 3141 1066 3190 continentis
1082 3151 1160 3190 autem
1178 3143 1307 3207 fragmenta

164 3227 258 3275 Asconii
270 3227 362 3274 Pediani
373 3227 591 3274 commmmdomm
607 3227 630 3272 in
642 3225 757 3274 Ciceronis
768 3225 890 3282 orationes,
901 3211 976 3287 qhulin
989 3225 1071 3286 ecriptu
1087 3233 1140 3272 sunt
1158 3225 1180 3272 in
1197 3225 1276 3273 codice
1292 3241 1306 3272 a

165 3310 256 3373 Poggio
272 3318 363 3369 reperto
380 3309 403 3355 in
421 3309 563 3356 Monaeterio
577 3308 652 3355 Sancti
669 3309 730 3355 Gulli
746 3322 816 3369 prope
828 3307 997 3362 Commutiam,
1010 3307 1197 3355 Diurertationem
1210 3307 1306 3372 Georgii

166 3391 319 3438 Tnbeeuntii
330 3391 358 3438 de
370 3391 467 3438 artificio
476 3390 637 3438 Ciceronianae
649 3389 759 3438 orationis
770 3405 812 3451 pro
824 3389 914 3450 Quinto
922 3388 1022 3452 Ligario,
1029 3389 1202 3450 inquisitionem
1210 3387 1307 3436 Antonii

166 3473 251 3521 Luechi
267 3488 333 3534 super
348 3473 383 3520 xt
399 3474 515 3520 orationes
526 3473 651 3528 Ciceronis.
662 3473 773 3520 Xichonis
785 3472 904 3519 Polentoni
921 3480 1055 3534 argumente
1071 3484 1136 3532 cuper
1152 3469 1238 3532 uliqtrot
1255 3485 1306 3518 om·

165 3557 267 3604 tionibus
283 3565 308 3602 et
323 3557 443 3604 inuertiuis
456 3556 581 3604 Ciceronis.
615 3555 678 3602 Nom
695 3564 729 3602 est
746 3553 857 3601 Xichonis
873 3553 969 3615 epistula
986 3553 1014 3600 ad
1032 3552 1153 3600 tironum
1171 3551 1200 3600 de
1216 3552 1306 3600 Nieeett

165 3641 194 3686 de
206 3647 296 3700 reperto
307 3639 357 3686 Titi
371 3639 423 3686 Liui
435 3639 537 3699 sepulcro
548 3637 643 3693 Patauii,
654 3639 737 3698 scriptu
748 3635 776 3684 V.
788 3637 838 3684 Cal.
850 3635 966 3684 Nouemb.
979 3645 1049 3696 1414,
1082 3635 1136 3682 Eius
1153 3635 1176 3682 in
1193 3633 1238 3684 fine
1249 3635 1306 3684 haec

165 3721 221 3768 dicit
232 3723 261 3768 de
272 3737 296 3769 se
308 3723 364 3783 ipro.
397 3723 494 3769 Breuiur
506 3730 572 3785 utque
582 3721 684 3768 monus
699 3721 818 3783 quiequam
826 3719 892 3780 sorte
907 3717 948 3766 ud
963 3718 1039 3764 uerius
1050 3717 1117 3780 (narn
1128 3717 1173 3780 ipse
1187 3733 1231 3783 rgo
1241 3719 1308 3766 robur

165 3803 425 3866 intaesuhncnsodioet.
457 3803 509 3852 Hoc
522 3801 775 3866 enirnquodsopr'entio
790 3811 831 3848 tuo
846 3798 1306 3864 dignumneunusrensuiuelurrnouorn

163 3881 1306 3950 qumdsmmcrirudennnemndoprrgondomreddignimodsomramreeoqmdm

162 3971 453 4035 rqiegnquurnsiuo.
486 3965 1306 4030 Mormlmmiemucootittudtepc'lmqueoapuomm

162 4051 924 4116 mwrnurreaeitreclpwddornrommunrdicendigenur.

196 4135 207 4164 ¹
223 4137 292 4184 Hunc
306 4136 418 4183 Xichonie
435 4137 511 4184 locum
529 4147 553 4184 et
570 4135 706 4184 Petraschee
722 4135 780 4182 duos
798 4135 883 4196 priores
902 4147 993 4182 meeum
1011 4133 1192 4180 communicarit
1210 4131 1306 4180 lacobus

165 4217 264 4274 Movet,
276 4219 350 4266 socius
361 4218 458 4281 collegii
470 4218 634 4279 Sidneysmsex
646 4218 705 4278 apud
716 4217 923 4280 cantabrigienses,

198 4298 209 4327 ¹
224 4300 302 4348 Maius
321 4301 376 4347 dicit
395 4300 523 4362 Cynthium
541 4301 603 4346 eirea
620 4307 723 4360 ternpore
739 4298 781 4346 Pii
799 4299 829 4346 11
845 4298 926 4360 Paper
945 4297 1028 4344 uiuim
1046 4297 1164 4360 aqualem
1182 4297 1305 4360 Pomponii

164 4381 254 4435 Sohr'rse'.
262 4381 374 4429 homnem
382 4381 511 4446 philologio
523 4379 582 4428 miro
594 4381 746 4428 &indumen
759 4381 799 4444 qui
812 4379 892 4428 mullos
904 4377 1030 4441 meum
1041 4378 1220 4431 hodienum
1231 4379 1306 4427 adhuc

164 4463 260 4528 lew·
278 4477 312 4526 o·
324 4465 365 4522 ῑι)
