3136 5060
217 413 277 470 ³00
617 413 672 472 DE
699 411 961 475 PARTITIONE
1005 423 1007 431 “

216 609 251 650 ac
265 601 369 667 quarto
380 591 503 654 disticho
514 595 669 655 amborum
678 595 837 654 amantium
851 594 1016 655 felicitatem
1024 609 1032 667 3
1048 591 1179 654 secundo
1194 591 1362 669 singillatim

218 687 356 765 Septimii,
371 691 455 753 tertio
469 691 579 752 Acmes
594 693 727 753 describi.
763 691 799 752 Id
814 691 1008 754 Ribbeclrium
1022 709 1091 751 uere
1107 691 1291 768 perspexisse
1304 707 1362 748 nec

217 786 371 850 Richterus
392 808 446 851 nee
467 791 609 852 Frankius
633 811 688 853 nec
707 789 918 870 Westphdius¹
938 793 1088 864 dubitauit,
1110 809 1164 850 nec
1191 809 1361 868 quenquam

217 887 307 947 credo
323 887 519 949 dubitaturum
538 891 589 967 qui
607 909 727 951 carmen
747 891 885 951 attentius
905 891 1081 968 inspexerit:
1110 889 1180 949 illud
1199 889 1302 948 nescio
1322 906 1363 947 an

216 985 277 1043 iure
305 983 422 1045 fecerim
450 997 482 1047 ut
502 987 629 1065 priorem
657 985 807 1065 stropham
827 988 931 1048 iterum
951 988 983 1047 in
1014 1007 1070 1063 ²3²
1088 995 1115 1052 4-
1134 1006 1160 1058 2,
1182 986 1302 1046 alterum
1329 985 1362 1044 in

218 1099 276 1156 322
293 1091 320 1148 ÷
338 1103 354 1143 2
369 1083 537 1145 diuiderem.

257 1327 286 1376 B·
300 1323 327 1384 β.
345 1333 362 1392 5
383 1320 433 1379 ubi
454 1321 584 1380 secunda
604 1339 671 1399 pars
692 1323 852 1398 respondet
869 1323 977 1392 tertiae,
992 1337 1083 1380 unum
1102 1319 1189 1378 habet
1209 1317 1245 1378 C.
1259 1317 1362 1377 XLIX

216 1415 297 1492 quod
311 1417 353 1476 sle
368 1417 492 1478 diuisum
507 1429 552 1478 est
568 1439 635 1495 322·
1318 1415 1325 1426 ”

257 1512 381 1574 Restant
395 1515 448 1588 XI,
462 1515 562 1589 x1vb,
577 1517 688 1590 XXVI,
705 1516 848 1588 XXXIV,
863 1515 975 1586 XLIII,
989 1516 1024 1587 L,
1038 1514 1088 1586 LI,
1103 1513 1186 1586 LIII,
1200 1512 1282 1584 LIV,
1297 1509 1363 1582 LV,

218 1609 328 1683 LVIII,
340 1611 419 1685 LIX,
433 1613 495 1674 LX.
527 1614 573 1675 Er
583 1616 629 1674 his
640 1615 693 1688 XI,
706 1614 847 1686 XXXIV,
859 1613 900 1673 LI
914 1614 980 1692 ipso
994 1623 1087 1672 metro
1101 1613 1131 1670 in
1145 1611 1281 1688 strophas
1295 1619 1365 1670 sunt

217 1709 325 1784 diuisa;
348 1729 418 1772 nam
432 1713 487 1786 XI,
501 1713 542 1773 LI
565 1715 720 1792 SapphIca,
735 1712 867 1772 XXXIV
882 1711 1066 1790 Glyconeum
1087 1720 1138 1770 est
1182 1709 1272 1768 XIVh
1285 1710 1365 1788 frag·

218 1820 349 1869 mentum
363 1821 407 1871 est
422 1813 558 1871 carminis
571 1814 653 1872 cuius
667 1823 763 1872 cetera
777 1813 940 1890 perierunt;
961 1809 1042 1888 quod
1055 1809 1134 1868 idem
1146 1809 1225 1868 cadit
1237 1809 1267 1866 In
1282 1806 1364 1866 LIV.

219 1905 317 1968 Huius
338 1920 450 1987 septem
471 1928 573 1970 uersus
594 1929 697 1970 omnes
721 1911 808 1970 unius
831 1909 976 1986 poematis
1000 1925 1065 1967 esse
1089 1923 1197 1966 censeo
1221 1904 1304 1982 quod
1325 1903 1364 1963 de

219 2002 293 2064 Iullo
311 2005 437 2066 Caesare
458 2006 588 2067 Catullus
612 2008 765 2085 scrIpserit.
814 2006 885 2067 Non
908 2007 1007 2083 Inepte
1033 2005 1090 2064 huc
1115 2002 1221 2062 referas
1245 2003 1364 2061 uersum

218 2115 366 2162 seruatum
387 2123 405 2162 a
424 2104 624 2182 Porphyrione
648 2105 692 2164 At
711 2125 765 2164 non
785 2105 897 2183 fingite
919 2122 988 2162 nuos
1012 2101 1132 2162 eumden*
1163 2100 1259 2159 lambi
1284 2100 1363 2159 em'm

218 2213 344 2276 possunt
364 2221 428 2262 esse
449 2221 474 2263 e.
489 2203 594 2263 XXIX
610 2202 679 2276 Quis
692 2205 742 2263 hoc
758 2210 845 2281 potest
860 2203 961 2273 uidere,
975 2203 1038 2278 quis
1052 2206 1142 2277 potet
1152 2191 1219 2274 pau·
1235 2215 1363 2277 quorum

218 2315 250 2358 se
264 2317 326 2359 uon
340 2301 478 2378 effugisse
492 2302 629 2379 stigmata
641 2303 705 2380 ipse
720 2301 829 2362 Caesar
841 2301 937 2361 fassus
951 2299 1042 2358 luerit.

260 2449 294 2510 C.
317 2451 429 2524 XXVI,
444 2451 525 2524 Llll,
540 2451 652 2522 LVIII,
667 2451 746 2524 LIX,
760 2450 816 2511 LX
834 2452 936 2512 omnia
953 2460 1021 2510 sunt
1041 2450 1197 2528 qulnorum
1215 2464 1363 2518 uersuum,

219 2549 321 2608 omnia
347 2559 461 2627 praeter
488 2549 591 2608 XXVI
615 2550 773 2611 iucisorum
798 2559 865 2626 post
888 2549 1011 2608 tertium.
1067 2545 1169 2605 XLIII
1196 2546 1238 2605 sic
1262 2543 1363 2604 diuido

224 2664 358 2721 131.21.
400 2648 447 2708 De
465 2648 536 2708 LVI
550 2648 735 2708 iamdixiad
749 2649 855 2708 locum.
898 2647 934 2706 ln
952 2664 1012 2723 quo
1027 2644 1148 2704 fortasse
1163 2645 1253 2714 Βωμὸν
1270 2660 1364 2718 quen-

220 2745 289 2804 dam
317 2747 442 2806 Imitatus
470 2759 514 2807 est
542 2747 681 2820 Catullus,
703 2747 804 2825 quales
831 2745 976 2806 Dosiades
1000 2745 1076 2804 duos
1100 2743 1216 2819 scripsit
1242 2739 1363 2820 (Bergk.

222 2841 339 2902 Anthol.
357 2843 424 2920 Lyr.
440 2860 508 2920 397,
519 2849 560 2918 8).
591 2851 681 2920 Σχῆμα
695 2856 739 2906 est

461 3009 604 3089 14<⁶÷2
628 3055 635 3070 .
658 3009 749 3086 4÷2)
775 3027 811 3068 ¹0
834 3003 946 3086 (2⁶2)
968 3009 986 3063 ⁸
1009 3001 1121 3083 (2⁴²)

262 3158 295 3219 C.
311 3157 337 3218 L
351 3161 395 3219 bis
409 3161 533 3220 incisum
547 3171 592 3220 est
605 3171 673 3236 post
687 3161 714 3230 6,
733 3177 778 3234 13.
810 3157 910 3217 Habet
920 3156 1005 3232 Igitur
1015 3161 1112 3230 partes
1124 3161 1182 3210 tres
1197 3146 1292 3226 (678),
1304 3148 1365 3207 Sin·

219 3257 304 3335 gulas
317 3277 378 3318 uno
393 3277 479 3318 uersu
492 3259 683 3336 praecedente
698 3259 830 3316 maiores.
874 3255 938 3314 Has
952 3253 1095 3313 diuisurus
1112 3267 1192 3308 eram
1206 3248 1236 3306 in
1253 3266 1299 3319 24,
1316 3261 1364 3320 25,

223 3360 277 3429 2ό;
307 3356 359 3417 sed
380 3369 505 3434 quatuor
525 3357 665 3434 postremi
685 3373 788 3415 uersus
809 3372 877 3414 cum
896 3351 1078 3411 mardiestam
1094 3347 1234 3422 περικοπὴν
1247 3343 1364 3414 saciant,

220 3457 306 3515 tertia
332 3473 401 3532 pars
429 3455 516 3514 habet
539 3454 595 3514 hos
623 3471 760 3513 numeros
786 3474 814 3525 4,
829 3473 856 3524 4.
905 3445 1149 3526 Regredientibus
1177 3443 1216 3502 ad
1239 3441 1365 3519 primam

221 3554 335 3612 numeri
356 3563 424 3612 sunt
444 3565 494 3612 aut
517 3573 532 3612 2
550 3569 567 3627 5
590 3563 638 3612 aut
654 3571 671 3628 3
687 3573 714 3624 4.
757 3551 827 3611 Hoc
847 3567 915 3609 cum
933 3547 1077 3625 plerisque
1095 3541 1225 3620 praetuli,
1240 3558 1278 3598 ne
1292 3556 1364 3598 con-

220 3653 320 3710 iuncto
349 3650 383 3708 Vi
410 3659 573 3710 conuenerat
597 3671 653 3709 esse
679 3651 804 3708 delt'caios
831 3665 899 3707 etun
919 3643 1051 3704 Scribens
1078 3639 1228 3699 mutulos
1253 3644 1366 3712 uterqm

221 3757 353 3820 nostrum,
368 3751 469 3809 nescio
483 3750 554 3826 quid
575 3767 712 3826 asperum
733 3766 787 3806 nec
800 3745 915 3805 Catullo
934 3741 1112 3803 conueniens
1130 3745 1246 3816 saperet
1262 3737 1364 3795 oratio.

222 3846 376 3908 Habemus
391 3849 476 3925 igitur
497 3860 527 3907 Α.
544 3866 570 3922 3,
587 3867 614 3923 3.
648 3859 675 3905 n.
758 3857 785 3903 r.
801 3866 828 3918 4,
844 3865 870 3916 4.
906 3840 1073 3900 Vndenin
1094 3855 1155 3912 4,3
1178 3853 1254 3912 quae
1275 3834 1365 3894 altera

221 3956 309 4004 restat
323 3947 436 4018 diuisio,
451 3964 512 4004 non
527 3947 556 4004 in
573 3965 599 4017 2,
617 3961 634 4019 5
657 3946 759 4004 merito
780 3942 850 4000 mihi
872 3939 1002 4000 diuisisse
1023 3937 1133 3996 uideor.
1168 3938 1259 4007 Σχῆμα
1279 3933 1365 4009 igitur

220 4053 264 4103 est
288 4063 324 4119 33
348 4090 354 4104 .
379 4064 416 4120 43
439 4090 446 4103 .
469 4063 507 4117 44
527 4090 533 4103 .
553 4041 605 4124 (33
626 4089 631 4102 .
649 4057 664 4117 7
681 4087 687 4100 .
706 4060 744 4113 44
763 4034 940 4116 Richtems.)

254 4236 262 4266 ¹
280 4239 378 4289 Dubius
391 4251 467 4290 tumen
479 4239 633 4300 westphalius
644 4237 752 4300 postremi
769 4243 823 4282 octo
840 4245 915 4280 uersus
929 4227 1009 4296 19-26
1021 4228 1116 4290 Epodon
1134 4226 1227 4282 iaciant,
1242 4237 1272 4272 au
1289 4237 1365 4272 uersus

222 4323 339 4378 exciderit,
351 4339 398 4384 quo
409 4324 476 4370 tertie
488 4323 614 4370 efficeretur
627 4320 718 4382 strophe
730 4333 814 4366 nouem
826 4331 931 4364 uersuum
944 4315 993 4378 (pp.
1005 4323 1059 4373 231,
1073 4311 1105 4372 2).
