<?xml version="1.0" encoding="UTF-8"?>
<!DOCTYPE html PUBLIC "-//W3C//DTD XHTML 1.0 Transitional//EN"
    "http://www.w3.org/TR/xhtml1/DTD/xhtml1-transitional.dtd">
<html xmlns="http://www.w3.org/1999/xhtml" xml:lang="en" lang="en">
 <head>
  <title>
</title>
<meta http-equiv="Content-Type" content="text/html;charset=utf-8" />
  <meta name='ocr-system' content='tesseract 3.04.00' />
  <meta name='ocr-capabilities' content='ocr_page ocr_carea ocr_par ocr_line ocrx_word'/>
</head>
<body>
  <div class='ocr_page' id='page_1' title='image "./catulliliber00elligoog_0436.png"; bbox 0 0 3136 5060; ppageno 0'>
   <div class='ocr_carea' id='block_1_1' title="bbox 526 425 1305 498">
    <p class='ocr_par' dir='ltr' id='par_1_1' title="bbox 526 425 1305 498">
     <span class='ocr_line' id='line_1_1' title="bbox 526 425 1305 498; baseline 0.006 -5"><span class='ocrx_word' id='word_1_1' title='bbox 526 425 529 430; x_wconf 88' lang='grc'><strong>’</strong></span> <span class='ocrx_word' id='word_1_2' title='bbox 624 433 846 495; x_wconf 76' lang='lat' dir='ltr'><strong>Excvnsvs.</strong></span> <span class='ocrx_word' id='word_1_3' title='bbox 1247 443 1305 498; x_wconf 71' lang='lat' dir='ltr'><strong>aaa</strong></span> 
     </span>
    </p>
   </div>
   <div class='ocr_carea' id='block_1_2' title="bbox 163 619 1305 1978">
    <p class='ocr_par' dir='ltr' id='par_1_2' title="bbox 163 619 1305 1978">
     <span class='ocr_line' id='line_1_2' title="bbox 163 619 1304 697; baseline 0.003 -19"><span class='ocrx_word' id='word_1_4' title='bbox 163 619 348 690; x_wconf 87' lang='lat' dir='ltr'><strong>uocabulum,</strong></span> <span class='ocrx_word' id='word_1_5' title='bbox 363 637 430 679; x_wconf 88' lang='lat' dir='ltr'><strong>curn</strong></span> <span class='ocrx_word' id='word_1_6' title='bbox 449 621 474 680; x_wconf 90' lang='lat' dir='ltr'><strong>is</strong></span> <span class='ocrx_word' id='word_1_7' title='bbox 492 620 571 697; x_wconf 90' lang='lat' dir='ltr'><strong>apud</strong></span> <span class='ocrx_word' id='word_1_8' title='bbox 590 619 724 680; x_wconf 89' lang='lat' dir='ltr'><strong>Plautum</strong></span> <span class='ocrx_word' id='word_1_9' title='bbox 738 620 909 680; x_wconf 88' lang='lat' dir='ltr'><strong>Terentium</strong></span> <span class='ocrx_word' id='word_1_10' title='bbox 925 621 1054 680; x_wconf 90' lang='lat' dir='ltr'><strong>Ennium</strong></span> <span class='ocrx_word' id='word_1_11' title='bbox 1068 620 1256 680; x_wconf 90' lang='lat' dir='ltr'><strong>Comicorum</strong></span> <span class='ocrx_word' id='word_1_12' title='bbox 1276 632 1304 681; x_wconf 87' lang='lat' dir='ltr'><strong>et</strong></span> 
     </span>
     <span class='ocr_line' id='line_1_3' title="bbox 163 715 1304 797; baseline 0.003 -22"><span class='ocrx_word' id='word_1_13' title='bbox 163 715 357 793; x_wconf 87' lang='lat' dir='ltr'><strong>Tragicorum</strong></span> <span class='ocrx_word' id='word_1_14' title='bbox 370 718 533 795; x_wconf 86' lang='lat' dir='ltr'><strong>fragmenta</strong></span> <span class='ocrx_word' id='word_1_15' title='bbox 546 719 711 778; x_wconf 89' lang='lat' dir='ltr'><strong>Lucretium</strong></span> <span class='ocrx_word' id='word_1_16' title='bbox 722 718 878 778; x_wconf 85' lang='lat' dir='ltr'>Caesarem</span> <span class='ocrx_word' id='word_1_17' title='bbox 889 718 1045 780; x_wconf 84' lang='lat' dir='ltr'><strong>Salustium</strong></span> <span class='ocrx_word' id='word_1_18' title='bbox 1056 717 1144 779; x_wconf 87' lang='lat' dir='ltr'><strong>Corn</strong></span> <span class='ocrx_word' id='word_1_19' title='bbox 1155 719 1304 797; x_wconf 89' lang='lat' dir='ltr'><strong>Nepotem</strong></span> 
     </span>
     <span class='ocr_line' id='line_1_4' title="bbox 164 813 1304 893; baseline 0.002 -19"><span class='ocrx_word' id='word_1_20' title='bbox 164 813 337 874; x_wconf 86' lang='lat' dir='ltr'><strong>Ciceronem</strong></span> <span class='ocrx_word' id='word_1_21' title='bbox 358 834 503 893; x_wconf 86' lang='lat' dir='ltr'><strong>nusquam</strong></span> <span class='ocrx_word' id='word_1_22' title='bbox 523 817 654 876; x_wconf 91' lang='lat' dir='ltr'><strong>uideatur</strong></span> <span class='ocrx_word' id='word_1_23' title='bbox 674 834 833 876; x_wconf 90' lang='lat' dir='ltr'><strong>occurrere.</strong></span> <span class='ocrx_word' id='word_1_24' title='bbox 876 817 978 893; x_wconf 86' lang='lat' dir='ltr'><strong>Itaque</strong></span> <span class='ocrx_word' id='word_1_25' title='bbox 999 816 1077 876; x_wconf 89' lang='lat' dir='ltr'><strong>haud</strong></span> <span class='ocrx_word' id='word_1_26' title='bbox 1098 818 1159 876; x_wconf 91' lang='lat' dir='ltr'><strong>scio</strong></span> <span class='ocrx_word' id='word_1_27' title='bbox 1182 836 1220 876; x_wconf 87' lang='lat' dir='ltr'><strong>an</strong></span> <span class='ocrx_word' id='word_1_28' title='bbox 1243 836 1304 878; x_wconf 90' lang='lat' dir='ltr'><strong>non</strong></span> 
     </span>
     <span class='ocr_line' id='line_1_5' title="bbox 163 913 1303 992; baseline 0.004 -20"><span class='ocrx_word' id='word_1_29' title='bbox 163 925 241 972; x_wconf 88' lang='lat' dir='ltr'><strong>recte</strong></span> <span class='ocrx_word' id='word_1_30' title='bbox 269 913 448 974; x_wconf 89' lang='lat' dir='ltr'><strong>Ribbeckius</strong></span> <span class='ocrx_word' id='word_1_31' title='bbox 475 917 638 992; x_wconf 91' lang='lat' dir='ltr'><strong>suspicatus</strong></span> <span class='ocrx_word' id='word_1_32' title='bbox 665 915 702 974; x_wconf 90' lang='lat' dir='ltr'><strong>sit</strong></span> <span class='ocrx_word' id='word_1_33' title='bbox 730 914 902 974; x_wconf 86' lang='lat' dir='ltr'><strong>Seruianum</strong></span> <span class='ocrx_word' id='word_1_34' title='bbox 929 915 998 974; x_wconf 91' lang='lat' dir='ltr'><strong>illud</strong></span> <span class='ocrx_word' id='word_1_35' title='bbox 1026 916 1181 976; x_wconf 86' lang='lat' dir='ltr'><strong>discrimen</strong></span> <span class='ocrx_word' id='word_1_36' title='bbox 1212 917 1303 976; x_wconf 89' lang='lat' dir='ltr'><strong>scrius</strong></span> 
     </span>
     <span class='ocr_line' id='line_1_6' title="bbox 163 1013 1305 1102; baseline 0.004 -32"><span class='ocrx_word' id='word_1_37' title='bbox 163 1013 312 1072; x_wconf 90' lang='lat' dir='ltr'><strong>inuectum</strong></span> <span class='ocrx_word' id='word_1_38' title='bbox 333 1013 430 1073; x_wconf 82' lang='lat' dir='ltr'><strong>fuisse.</strong></span> <span class='ocrx_word' id='word_1_39' title='bbox 472 1013 551 1073; x_wconf 87' lang='lat' dir='ltr'><strong>Nam</strong></span> <span class='ocrx_word' id='word_1_40' title='bbox 575 1015 599 1074; x_wconf 91' lang='lat' dir='ltr'><strong>si</strong></span> <span class='ocrx_word' id='word_1_41' title='bbox 624 1014 731 1090; x_wconf 89' lang='lat' dir='ltr'><strong>duplici</strong></span> <span class='ocrx_word' id='word_1_42' title='bbox 756 1033 844 1074; x_wconf 89' lang='lat' dir='ltr'><strong>sensu</strong></span> <span class='ocrx_word' id='word_1_43' title='bbox 868 1015 962 1090; x_wconf 91' lang='lat' dir='ltr'><strong>primo</strong></span> <span class='ocrx_word' id='word_1_44' title='bbox 983 1015 1305 1102; x_wconf 60' lang='lat' dir='ltr'><strong>dicebaturflagrare</strong></span> 
     </span>
     <span class='ocr_line' id='line_1_7' title="bbox 163 1111 1305 1190; baseline 0.004 -21"><span class='ocrx_word' id='word_1_45' title='bbox 163 1111 247 1170; x_wconf 86' lang='lat' dir='ltr'><strong>facile</strong></span> <span class='ocrx_word' id='word_1_46' title='bbox 271 1113 368 1170; x_wconf 92' lang='lat' dir='ltr'><strong>euenit</strong></span> <span class='ocrx_word' id='word_1_47' title='bbox 388 1123 421 1172; x_wconf 90' lang='lat' dir='ltr'><strong>ut</strong></span> <span class='ocrx_word' id='word_1_48' title='bbox 444 1113 647 1190; x_wconf 79' lang='lat' dir='ltr'><strong>progrediente</strong></span> <span class='ocrx_word' id='word_1_49' title='bbox 672 1122 803 1189; x_wconf 90' lang='lat' dir='ltr'><strong>ternpore</strong></span> <span class='ocrx_word' id='word_1_50' title='bbox 825 1113 1005 1188; x_wconf 85' lang='lat' dir='ltr'><strong>grammatici</strong></span> <span class='ocrx_word' id='word_1_51' title='bbox 1029 1112 1137 1189; x_wconf 87' lang='lat' dir='ltr'><strong>duplici</strong></span> <span class='ocrx_word' id='word_1_52' title='bbox 1160 1115 1250 1174; x_wconf 89' lang='lat' dir='ltr'><strong>modo</strong></span> <span class='ocrx_word' id='word_1_53' title='bbox 1276 1115 1305 1174; x_wconf 94' lang='lat' dir='ltr'><strong>id</strong></span> 
     </span>
     <span class='ocr_line' id='line_1_8' title="bbox 163 1211 1304 1288; baseline 0.002 -18"><span class='ocrx_word' id='word_1_54' title='bbox 163 1211 322 1270; x_wconf 87' lang='lat' dir='ltr'><strong>scriberent</strong></span> <span class='ocrx_word' id='word_1_55' title='bbox 340 1229 432 1288; x_wconf 88' lang='lat' dir='ltr'><strong>eaque</strong></span> <span class='ocrx_word' id='word_1_56' title='bbox 450 1213 586 1271; x_wconf 90' lang='lat' dir='ltr'><strong>discretio</strong></span> <span class='ocrx_word' id='word_1_57' title='bbox 605 1230 623 1270; x_wconf 90' lang='lat' dir='ltr'><strong>a</strong></span> <span class='ocrx_word' id='word_1_58' title='bbox 640 1211 736 1270; x_wconf 90' lang='lat' dir='ltr'><strong>multis</strong></span> <span class='ocrx_word' id='word_1_59' title='bbox 757 1228 811 1269; x_wconf 88' lang='lat' dir='ltr'><strong>nec</strong></span> <span class='ocrx_word' id='word_1_60' title='bbox 832 1221 931 1270; x_wconf 90' lang='lat' dir='ltr'><strong>tamen</strong></span> <span class='ocrx_word' id='word_1_61' title='bbox 950 1220 1117 1271; x_wconf 87' lang='lat' dir='ltr'><strong>constanter</strong></span> <span class='ocrx_word' id='word_1_62' title='bbox 1134 1223 1304 1272; x_wconf 79' lang='lat' dir='ltr'><strong>seruaremr.</strong></span> 
     </span>
     <span class='ocr_line' id='line_1_9' title="bbox 164 1307 1305 1386; baseline 0.002 -20"><span class='ocrx_word' id='word_1_63' title='bbox 164 1309 228 1367; x_wconf 88' lang='lat' dir='ltr'><strong>Iam</strong></span> <span class='ocrx_word' id='word_1_64' title='bbox 243 1307 372 1368; x_wconf 89' lang='lat' dir='ltr'><strong>Catullus</strong></span> <span class='ocrx_word' id='word_1_65' title='bbox 393 1311 463 1370; x_wconf 90' lang='lat' dir='ltr'><strong>dum</strong></span> <span class='ocrx_word' id='word_1_66' title='bbox 484 1311 515 1369; x_wconf 94' lang='lat' dir='ltr'><strong>id</strong></span> <span class='ocrx_word' id='word_1_67' title='bbox 534 1312 564 1368; x_wconf 94' lang='lat' dir='ltr'><strong>in</strong></span> <span class='ocrx_word' id='word_1_68' title='bbox 585 1310 796 1386; x_wconf 87' lang='lat' dir='ltr'><strong>significatione</strong></span> <span class='ocrx_word' id='word_1_69' title='bbox 817 1310 934 1369; x_wconf 91' lang='lat' dir='ltr'><strong>olendi</strong></span> <span class='ocrx_word' id='word_1_70' title='bbox 955 1310 1016 1368; x_wconf 90' lang='lat' dir='ltr'><strong>uult</strong></span> <span class='ocrx_word' id='word_1_71' title='bbox 1037 1327 1155 1385; x_wconf 88' lang='lat' dir='ltr'><strong>ponere,</strong></span> <span class='ocrx_word' id='word_1_72' title='bbox 1176 1320 1225 1370; x_wconf 87' lang='lat' dir='ltr'><strong>aut</strong></span> <span class='ocrx_word' id='word_1_73' title='bbox 1246 1329 1305 1370; x_wconf 89' lang='lat' dir='ltr'><strong>una</strong></span> 
     </span>
     <span class='ocr_line' id='line_1_10' title="bbox 164 1408 1305 1485; baseline 0.002 -18"><span class='ocrx_word' id='word_1_74' title='bbox 164 1408 259 1468; x_wconf 89' lang='lat' dir='ltr'><strong>forma</strong></span> <span class='ocrx_word' id='word_1_75' title='bbox 278 1408 433 1485; x_wconf 86' lang='lat' dir='ltr'><strong>flagrans</strong></span> <span class='ocrx_word' id='word_1_76' title='bbox 453 1428 524 1469; x_wconf 91' lang='lat' dir='ltr'><strong>usus</strong></span> <span class='ocrx_word' id='word_1_77' title='bbox 544 1420 597 1480; x_wconf 89' lang='lat' dir='ltr'><strong>est,</strong></span> <span class='ocrx_word' id='word_1_78' title='bbox 619 1409 708 1469; x_wconf 88' lang='lat' dir='ltr'><strong>altera</strong></span> <span class='ocrx_word' id='word_1_79' title='bbox 729 1410 807 1468; x_wconf 90' lang='lat' dir='ltr'><strong>enim</strong></span> <span class='ocrx_word' id='word_1_80' title='bbox 828 1409 960 1468; x_wconf 91' lang='lat' dir='ltr'><strong>nondum</strong></span> <span class='ocrx_word' id='word_1_81' title='bbox 974 1410 1099 1479; x_wconf 87' lang='lat' dir='ltr'><strong>extabat,</strong></span> <span class='ocrx_word' id='word_1_82' title='bbox 1114 1419 1162 1468; x_wconf 92' lang='lat' dir='ltr'><strong>aut</strong></span> <span class='ocrx_word' id='word_1_83' title='bbox 1184 1410 1207 1468; x_wconf 91' lang='lat' dir='ltr'><strong>si</strong></span> <span class='ocrx_word' id='word_1_84' title='bbox 1229 1410 1305 1483; x_wconf 83' lang='lat' dir='ltr'><strong>duae</strong></span> 
     </span>
     <span class='ocr_line' id='line_1_11' title="bbox 164 1505 1304 1584; baseline 0.002 -20"><span class='ocrx_word' id='word_1_85' title='bbox 164 1505 396 1583; x_wconf 86' lang='lat' dir='ltr'><strong>suppeditabant,</strong></span> <span class='ocrx_word' id='word_1_86' title='bbox 410 1507 566 1582; x_wconf 84' lang='lat' dir='ltr'><strong>flagrans</strong></span> <span class='ocrx_word' id='word_1_87' title='bbox 585 1507 726 1584; x_wconf 90' lang='lat' dir='ltr'><strong>praetulit,</strong></span> <span class='ocrx_word' id='word_1_88' title='bbox 740 1517 772 1566; x_wconf 94' lang='lat' dir='ltr'><strong>ut</strong></span> <span class='ocrx_word' id='word_1_89' title='bbox 790 1508 894 1584; x_wconf 92' lang='lat' dir='ltr'><strong>inquo</strong></span> <span class='ocrx_word' id='word_1_90' title='bbox 913 1508 1038 1583; x_wconf 90' lang='lat' dir='ltr'><strong>priorem</strong></span> <span class='ocrx_word' id='word_1_91' title='bbox 1055 1526 1072 1566; x_wconf 91' lang='lat' dir='ltr'><strong>a</strong></span> <span class='ocrx_word' id='word_1_92' title='bbox 1091 1507 1201 1566; x_wconf 82' lang='lat' dir='ltr'><strong>facilius</strong></span> <span class='ocrx_word' id='word_1_93' title='bbox 1216 1525 1304 1583; x_wconf 89' lang='lat' dir='ltr'><strong>quarn</strong></span> 
     </span>
     <span class='ocr_line' id='line_1_12' title="bbox 164 1604 1305 1683; baseline 0.001 -21"><span class='ocrx_word' id='word_1_94' title='bbox 164 1605 194 1662; x_wconf 89' lang='lat' dir='ltr'><strong>in</strong></span> <span class='ocrx_word' id='word_1_95' title='bbox 228 1605 384 1680; x_wconf 88' lang='lat' dir='ltr'><strong>fraglans</strong></span> <span class='ocrx_word' id='word_1_96' title='bbox 418 1606 521 1682; x_wconf 86' lang='lat' dir='ltr'><strong>corripi</strong></span> <span class='ocrx_word' id='word_1_97' title='bbox 554 1623 643 1683; x_wconf 89' lang='lat' dir='ltr'><strong>posse</strong></span> <span class='ocrx_word' id='word_1_98' title='bbox 677 1605 861 1682; x_wconf 83' lang='lat' dir='ltr'><strong>intellegeret.</strong></span> <span class='ocrx_word' id='word_1_99' title='bbox 911 1604 1000 1663; x_wconf 89' lang='lat' dir='ltr'><strong>Vnde</strong></span> <span class='ocrx_word' id='word_1_100' title='bbox 1027 1604 1182 1680; x_wconf 80' lang='lat' dir='ltr'><strong>flagrans</strong></span> <span class='ocrx_word' id='word_1_101' title='bbox 1207 1604 1260 1663; x_wconf 94' lang='lat' dir='ltr'><strong>VI.</strong></span> <span class='ocrx_word' id='word_1_102' title='bbox 1276 1607 1305 1672; x_wconf 89' lang='lat'><strong>8,</strong></span> 
     </span>
     <span class='ocr_line' id='line_1_13' title="bbox 163 1703 1305 1780; baseline 0.001 -19"><span class='ocrx_word' id='word_1_103' title='bbox 163 1703 384 1780; x_wconf 85' lang='lat' dir='ltr'><strong>Flagrantem</strong></span> <span class='ocrx_word' id='word_1_104' title='bbox 398 1704 538 1763; x_wconf 89' lang='lat' dir='ltr'><strong>LXVIII.</strong></span> <span class='ocrx_word' id='word_1_105' title='bbox 553 1724 609 1776; x_wconf 84' lang='lat'><strong>144</strong></span> <span class='ocrx_word' id='word_1_106' title='bbox 625 1705 736 1775; x_wconf 77' lang='lat' dir='ltr'><strong>retium,</strong></span> <span class='ocrx_word' id='word_1_107' title='bbox 750 1723 789 1763; x_wconf 91' lang='lat' dir='ltr'><strong>ne</strong></span> <span class='ocrx_word' id='word_1_108' title='bbox 808 1703 963 1780; x_wconf 88' lang='lat' dir='ltr'><strong>fraglans</strong></span> <span class='ocrx_word' id='word_1_109' title='bbox 982 1703 1101 1780; x_wconf 92' lang='lat' dir='ltr'><strong>quidem</strong></span> <span class='ocrx_word' id='word_1_110' title='bbox 1122 1723 1176 1763; x_wconf 89' lang='lat' dir='ltr'><strong>nec</strong></span> <span class='ocrx_word' id='word_1_111' title='bbox 1198 1703 1305 1779; x_wconf 86' lang='lat' dir='ltr'><strong>Frag-</strong></span> 
     </span>
     <span class='ocr_line' id='line_1_14' title="bbox 165 1803 1305 1879; baseline 0 -18"><span class='ocrx_word' id='word_1_112' title='bbox 165 1803 293 1862; x_wconf 89' lang='lat' dir='ltr'><strong>lantem</strong></span> <span class='ocrx_word' id='word_1_113' title='bbox 313 1821 400 1863; x_wconf 87' lang='lat' dir='ltr'><strong>ausus</strong></span> <span class='ocrx_word' id='word_1_114' title='bbox 418 1804 562 1874; x_wconf 86' lang='lat' dir='ltr'><strong>inducere,</strong></span> <span class='ocrx_word' id='word_1_115' title='bbox 577 1822 645 1864; x_wconf 89' lang='lat' dir='ltr'><strong>curn</strong></span> <span class='ocrx_word' id='word_1_116' title='bbox 661 1803 733 1862; x_wconf 89' lang='lat' dir='ltr'><strong>haec</strong></span> <span class='ocrx_word' id='word_1_117' title='bbox 748 1823 766 1862; x_wconf 91' lang='lat' dir='ltr'><strong>a</strong></span> <span class='ocrx_word' id='word_1_118' title='bbox 780 1821 896 1879; x_wconf 89' lang='lat' dir='ltr'><strong>semper</strong></span> <span class='ocrx_word' id='word_1_119' title='bbox 910 1814 959 1862; x_wconf 91' lang='lat' dir='ltr'><strong>aut</strong></span> <span class='ocrx_word' id='word_1_120' title='bbox 978 1803 1119 1879; x_wconf 87' lang='lat' dir='ltr'><strong>producta</strong></span> <span class='ocrx_word' id='word_1_121' title='bbox 1133 1813 1182 1862; x_wconf 91' lang='lat' dir='ltr'><strong>aut</strong></span> <span class='ocrx_word' id='word_1_122' title='bbox 1196 1804 1305 1862; x_wconf 89' lang='lat' dir='ltr'><strong>incerta</strong></span> 
     </span>
     <span class='ocr_line' id='line_1_15' title="bbox 165 1902 282 1978; baseline 0.009 -19"><span class='ocrx_word' id='word_1_123' title='bbox 165 1902 282 1978; x_wconf 90' lang='lat' dir='ltr'><strong>legatur.</strong></span> 
     </span>
    </p>
   </div>
   <div class='ocr_carea' id='block_1_3' title="bbox 480 2189 996 2266">
    <p class='ocr_par' dir='ltr' id='par_1_3' title="bbox 480 2189 996 2266">
     <span class='ocr_line' id='line_1_16' title="bbox 480 2189 996 2266; baseline 0.004 -20"><span class='ocrx_word' id='word_1_124' title='bbox 480 2189 639 2266; x_wconf 79' lang='lat' dir='ltr'><strong>PIpilare,</strong></span> <span class='ocrx_word' id='word_1_125' title='bbox 662 2189 829 2266; x_wconf 89' lang='lat' dir='ltr'><strong>pipulare,</strong></span> <span class='ocrx_word' id='word_1_126' title='bbox 851 2189 996 2266; x_wconf 87' lang='lat' dir='ltr'><strong>pipiare.</strong></span> 
     </span>
    </p>
   </div>
   <div class='ocr_carea' id='block_1_4' title="bbox 163 2355 1307 4212">
    <p class='ocr_par' dir='ltr' id='par_1_4' title="bbox 163 2355 1307 4212">
     <span class='ocr_line' id='line_1_17' title="bbox 165 2355 1304 2434; baseline -0.001 -19"><span class='ocrx_word' id='word_1_127' title='bbox 165 2358 287 2416; x_wconf 88' lang='lat' dir='ltr'><strong>Variant</strong></span> <span class='ocrx_word' id='word_1_128' title='bbox 307 2357 456 2416; x_wconf 90' lang='lat' dir='ltr'><strong>Glossaria</strong></span> <span class='ocrx_word' id='word_1_129' title='bbox 477 2357 550 2415; x_wconf 89' lang='lat' dir='ltr'><strong>inter</strong></span> <span class='ocrx_word' id='word_1_130' title='bbox 571 2357 714 2433; x_wconf 90' lang='lat' dir='ltr'><strong>pipiare‚</strong></span> <span class='ocrx_word' id='word_1_131' title='bbox 743 2355 900 2432; x_wconf 91' lang='lat' dir='ltr'><strong>pipilare,</strong></span> <span class='ocrx_word' id='word_1_132' title='bbox 928 2355 1095 2433; x_wconf 86' lang='lat' dir='ltr'><strong>pipulare.</strong></span> <span class='ocrx_word' id='word_1_133' title='bbox 1138 2355 1235 2415; x_wconf 91' lang='lat' dir='ltr'><strong>Gloss.</strong></span> <span class='ocrx_word' id='word_1_134' title='bbox 1258 2375 1304 2434; x_wconf 90' lang='lat' dir='ltr'><strong>ap.</strong></span> 
     </span>
     <span class='ocr_line' id='line_1_18' title="bbox 165 2452 1304 2531; baseline 0 -17"><span class='ocrx_word' id='word_1_135' title='bbox 165 2455 235 2514; x_wconf 89' lang='lat' dir='ltr'><strong>Mai.</strong></span> <span class='ocrx_word' id='word_1_136' title='bbox 250 2456 335 2514; x_wconf 83' lang='lat' dir='ltr'><strong>Auct.</strong></span> <span class='ocrx_word' id='word_1_137' title='bbox 351 2453 444 2515; x_wconf 85' lang='lat' dir='ltr'><strong>class.</strong></span> <span class='ocrx_word' id='word_1_138' title='bbox 455 2452 540 2513; x_wconf 91' lang='lat' dir='ltr'><strong>VIII.</strong></span> <span class='ocrx_word' id='word_1_139' title='bbox 557 2468 614 2529; x_wconf 80' lang='lat'><strong>473</strong></span> <span class='ocrx_word' id='word_1_140' title='bbox 633 2454 841 2531; x_wconf 90' lang='lat' dir='ltr'><strong>Pipiuneula</strong></span> <span class='ocrx_word' id='word_1_141' title='bbox 854 2457 983 2528; x_wconf 81' lang='lat' dir='ltr'><strong>accipiter</strong></span> <span class='ocrx_word' id='word_1_142' title='bbox 996 2474 1014 2512; x_wconf 87' lang='lat' dir='ltr'><strong>a</strong></span> <span class='ocrx_word' id='word_1_143' title='bbox 1022 2455 1163 2530; x_wconf 79' lang='lat' dir='ltr'><strong>pipr&#39;ando.</strong></span> <span class='ocrx_word' id='word_1_144' title='bbox 1206 2453 1304 2514; x_wconf 90' lang='lat' dir='ltr'><strong>Gloss.</strong></span> 
     </span>
     <span class='ocr_line' id='line_1_19' title="bbox 164 2553 1305 2632; baseline 0.001 -20"><span class='ocrx_word' id='word_1_145' title='bbox 164 2555 394 2632; x_wconf 84' lang='lat' dir='ltr'><strong>Amplonianum</strong></span> <span class='ocrx_word' id='word_1_146' title='bbox 413 2573 440 2631; x_wconf 89' lang='lat' dir='ltr'><strong>p.</strong></span> <span class='ocrx_word' id='word_1_147' title='bbox 458 2556 525 2629; x_wconf 80' lang='lat'><strong>3⁶2.</strong></span> <span class='ocrx_word' id='word_1_148' title='bbox 542 2572 570 2613; x_wconf 92' lang='lat' dir='ltr'><strong>n.</strong></span> <span class='ocrx_word' id='word_1_149' title='bbox 588 2557 644 2626; x_wconf 83' lang='lat'><strong>248</strong></span> <span class='ocrx_word' id='word_1_150' title='bbox 664 2554 785 2631; x_wconf 90' lang='lat' dir='ltr'><strong>pipant</strong></span> <span class='ocrx_word' id='word_1_151' title='bbox 802 2560 933 2612; x_wconf 83' lang='lat' dir='ltr'><strong>resonant</strong></span> <span class='ocrx_word' id='word_1_152' title='bbox 944 2554 993 2612; x_wconf 93' lang='lat' dir='ltr'><strong>ubi</strong></span> <span class='ocrx_word' id='word_1_153' title='bbox 1009 2553 1226 2613; x_wconf 90' lang='lat' dir='ltr'><strong>Hildebrandus</strong></span> <span class='ocrx_word' id='word_1_154' title='bbox 1241 2573 1305 2614; x_wconf 92' lang='lat' dir='ltr'><strong>cor·</strong></span> 
     </span>
     <span class='ocr_line' id='line_1_20' title="bbox 164 2651 1304 2731; baseline -0.003 -17"><span class='ocrx_word' id='word_1_155' title='bbox 164 2657 237 2714; x_wconf 89' lang='lat' dir='ltr'><strong>rexit</strong></span> <span class='ocrx_word' id='word_1_156' title='bbox 254 2655 400 2731; x_wconf 86' lang='lat' dir='ltr'><strong>pipiant.</strong></span> <span class='ocrx_word' id='word_1_157' title='bbox 443 2653 568 2712; x_wconf 86' lang='lat' dir='ltr'><strong>Glossae</strong></span> <span class='ocrx_word' id='word_1_158' title='bbox 589 2653 694 2712; x_wconf 90' lang='lat' dir='ltr'><strong>Isidori</strong></span> <span class='ocrx_word' id='word_1_159' title='bbox 714 2652 862 2729; x_wconf 89' lang='lat' dir='ltr'><strong>pipilare</strong></span> <span class='ocrx_word' id='word_1_160' title='bbox 882 2670 1017 2712; x_wconf 79' lang='lat' dir='ltr'><strong>resonare.</strong></span> <span class='ocrx_word' id='word_1_161' title='bbox 1060 2651 1157 2712; x_wconf 90' lang='lat' dir='ltr'><strong>Gloss.</strong></span> <span class='ocrx_word' id='word_1_162' title='bbox 1172 2671 1217 2729; x_wconf 91' lang='lat' dir='ltr'><strong>ap.</strong></span> <span class='ocrx_word' id='word_1_163' title='bbox 1234 2652 1304 2712; x_wconf 87' lang='lat' dir='ltr'><strong>Mai.</strong></span> 
     </span>
     <span class='ocr_line' id='line_1_21' title="bbox 164 2749 1305 2830; baseline -0.002 -18"><span class='ocrx_word' id='word_1_164' title='bbox 164 2752 436 2812; x_wconf 77' lang='lat' dir='ltr'><strong>AuctClassVIII.</strong></span> <span class='ocrx_word' id='word_1_165' title='bbox 448 2754 506 2827; x_wconf 81' lang='lat'><strong>483</strong></span> <span class='ocrx_word' id='word_1_166' title='bbox 521 2751 669 2828; x_wconf 89' lang='lat' dir='ltr'><strong>pilulare</strong></span> <span class='ocrx_word' id='word_1_167' title='bbox 682 2749 758 2830; x_wconf 90' lang='lat' dir='ltr'><strong>(lege</strong></span> <span class='ocrx_word' id='word_1_168' title='bbox 772 2749 942 2828; x_wconf 91' lang='lat' dir='ltr'><strong>pipulare)</strong></span> <span class='ocrx_word' id='word_1_169' title='bbox 955 2769 1090 2809; x_wconf 80' lang='lat' dir='ltr'><strong>resonare.</strong></span> <span class='ocrx_word' id='word_1_170' title='bbox 1118 2751 1157 2809; x_wconf 89' lang='lat' dir='ltr'><strong>Et</strong></span> <span class='ocrx_word' id='word_1_171' title='bbox 1171 2753 1305 2828; x_wconf 89' lang='lat' dir='ltr'><strong>pipiare</strong></span> 
     </span>
     <span class='ocr_line' id='line_1_22' title="bbox 164 2849 1304 2929; baseline -0.002 -19"><span class='ocrx_word' id='word_1_172' title='bbox 164 2853 282 2929; x_wconf 87' lang='lat' dir='ltr'><strong>quidem</strong></span> <span class='ocrx_word' id='word_1_173' title='bbox 296 2850 343 2910; x_wconf 92' lang='lat' dir='ltr'><strong>uel</strong></span> <span class='ocrx_word' id='word_1_174' title='bbox 357 2851 504 2927; x_wconf 88' lang='lat' dir='ltr'><strong>plipiare</strong></span> <span class='ocrx_word' id='word_1_175' title='bbox 519 2849 566 2907; x_wconf 92' lang='lat' dir='ltr'><strong>uel</strong></span> <span class='ocrx_word' id='word_1_176' title='bbox 581 2849 713 2926; x_wconf 71' lang='lat' dir='ltr'><strong>pipllre</strong></span> <span class='ocrx_word' id='word_1_177' title='bbox 728 2849 896 2924; x_wconf 87' lang='lat' dir='ltr'><strong>accipitrum</strong></span> <span class='ocrx_word' id='word_1_178' title='bbox 910 2851 1059 2925; x_wconf 91' lang='lat' dir='ltr'><strong>proprium</strong></span> <span class='ocrx_word' id='word_1_179' title='bbox 1074 2849 1162 2909; x_wconf 89' lang='lat' dir='ltr'><strong>fuisse</strong></span> <span class='ocrx_word' id='word_1_180' title='bbox 1176 2851 1304 2922; x_wconf 89' lang='lat' dir='ltr'><strong>uidetur;</strong></span> 
     </span>
     <span class='ocr_line' id='line_1_23' title="bbox 163 2946 1306 3024; baseline -0.002 -15"><span class='ocrx_word' id='word_1_181' title='bbox 163 2951 231 3010; x_wconf 93' lang='lat' dir='ltr'><strong>uide</strong></span> <span class='ocrx_word' id='word_1_182' title='bbox 251 2950 334 3008; x_wconf 90' lang='lat' dir='ltr'><strong>locos</strong></span> <span class='ocrx_word' id='word_1_183' title='bbox 352 2959 510 3024; x_wconf 86' lang='lat' dir='ltr'><strong>congestos</strong></span> <span class='ocrx_word' id='word_1_184' title='bbox 529 2967 547 3006; x_wconf 90' lang='lat' dir='ltr'><strong>a</strong></span> <span class='ocrx_word' id='word_1_185' title='bbox 561 2946 810 3023; x_wconf 87' lang='lat' dir='ltr'><strong>Reyflerseheidio</strong></span> <span class='ocrx_word' id='word_1_186' title='bbox 828 2946 866 3006; x_wconf 85' lang='lat' dir='ltr'><strong>ad</strong></span> <span class='ocrx_word' id='word_1_187' title='bbox 882 2947 1000 3006; x_wconf 89' lang='lat' dir='ltr'><strong>Sueton.</strong></span> <span class='ocrx_word' id='word_1_188' title='bbox 1016 2948 1054 3007; x_wconf 91' lang='lat' dir='ltr'><strong>de</strong></span> <span class='ocrx_word' id='word_1_189' title='bbox 1068 2947 1181 3008; x_wconf 88' lang='lat' dir='ltr'><strong>Natura</strong></span> <span class='ocrx_word' id='word_1_190' title='bbox 1195 2948 1306 3008; x_wconf 89' lang='lat' dir='ltr'><strong>Rerum</strong></span> 
     </span>
     <span class='ocr_line' id='line_1_24' title="bbox 166 3045 1305 3123; baseline -0.001 -16"><span class='ocrx_word' id='word_1_191' title='bbox 166 3053 314 3122; x_wconf 81' lang='lat'><strong>248-252,</strong></span> <span class='ocrx_word' id='word_1_192' title='bbox 330 3049 367 3106; x_wconf 93' lang='lat' dir='ltr'><strong>ib.</strong></span> <span class='ocrx_word' id='word_1_193' title='bbox 384 3049 519 3122; x_wconf 82' lang='lat'>308-311</span> <span class='ocrx_word' id='word_1_194' title='bbox 538 3063 706 3123; x_wconf 89' lang='lat' dir='ltr'><strong>quanquam</strong></span> <span class='ocrx_word' id='word_1_195' title='bbox 721 3045 758 3104; x_wconf 88' lang='lat' dir='ltr'><strong>de</strong></span> <span class='ocrx_word' id='word_1_196' title='bbox 778 3045 891 3122; x_wconf 91' lang='lat' dir='ltr'><strong>ploratu</strong></span> <span class='ocrx_word' id='word_1_197' title='bbox 911 3045 1064 3105; x_wconf 85' lang='lat' dir='ltr'><strong>hominurn</strong></span> <span class='ocrx_word' id='word_1_198' title='bbox 1085 3047 1132 3106; x_wconf 92' lang='lat' dir='ltr'><strong>uel</strong></span> <span class='ocrx_word' id='word_1_199' title='bbox 1154 3047 1305 3107; x_wconf 83' lang='lat' dir='ltr'><strong>infantium</strong></span> 
     </span>
     <span class='ocr_line' id='line_1_25' title="bbox 163 3142 1307 3223; baseline 0 -18"><span class='ocrx_word' id='word_1_200' title='bbox 163 3157 332 3223; x_wconf 90' lang='lat' dir='ltr'><strong>usurpatum</strong></span> <span class='ocrx_word' id='word_1_201' title='bbox 360 3154 404 3204; x_wconf 91' lang='lat' dir='ltr'><strong>est</strong></span> <span class='ocrx_word' id='word_1_202' title='bbox 436 3163 454 3202; x_wconf 90' lang='lat' dir='ltr'><strong>a</strong></span> <span class='ocrx_word' id='word_1_203' title='bbox 481 3143 661 3204; x_wconf 91' lang='lat' dir='ltr'><strong>Tertulliano</strong></span> <span class='ocrx_word' id='word_1_204' title='bbox 690 3143 755 3202; x_wconf 90' lang='lat' dir='ltr'><strong>adu.</strong></span> <span class='ocrx_word' id='word_1_205' title='bbox 784 3142 930 3204; x_wconf 84' lang='lat' dir='ltr'><strong>Valentio.</strong></span> <span class='ocrx_word' id='word_1_206' title='bbox 953 3144 1010 3201; x_wconf 90' lang='lat' dir='ltr'><strong>XV</strong></span> <span class='ocrx_word' id='word_1_207' title='bbox 1042 3143 1175 3204; x_wconf 84' lang='lat' dir='ltr'><strong>Caelestes</strong></span> <span class='ocrx_word' id='word_1_208' title='bbox 1206 3146 1307 3205; x_wconf 79' lang='lat' dir='ltr'><strong>rirrbres</strong></span> 
     </span>
     <span class='ocr_line' id='line_1_26' title="bbox 164 3241 1305 3322; baseline 0.002 -20"><span class='ocrx_word' id='word_1_209' title='bbox 164 3246 312 3322; x_wconf 89' lang='lat' dir='ltr'><strong>pipiauit</strong></span> <span class='ocrx_word' id='word_1_210' title='bbox 338 3243 500 3302; x_wconf 79' lang='lat' dir='ltr'><strong>Achamoth.</strong></span> <span class='ocrx_word' id='word_1_211' title='bbox 548 3242 592 3303; x_wconf 93' lang='lat' dir='ltr'><strong>Id.</strong></span> <span class='ocrx_word' id='word_1_212' title='bbox 621 3241 815 3320; x_wconf 87' lang='lat' dir='ltr'><strong>Monogamia</strong></span> <span class='ocrx_word' id='word_1_213' title='bbox 847 3242 920 3301; x_wconf 90' lang='lat' dir='ltr'><strong>XVI</strong></span> <span class='ocrx_word' id='word_1_214' title='bbox 951 3242 1082 3321; x_wconf 79' lang='lat' dir='ltr'><strong>Infantes</strong></span> <span class='ocrx_word' id='word_1_215' title='bbox 1117 3245 1305 3321; x_wconf 86' lang='lat' dir='ltr'><strong>pipiantes.</strong></span> 
     </span>
     <span class='ocr_line' id='line_1_27' title="bbox 163 3331 1306 3420; baseline 0.002 -18"><span class='ocrx_word' id='word_1_216' title='bbox 163 3331 286 3420; x_wconf 88' lang='lat' dir='ltr'><strong>Pipare</strong></span> <span class='ocrx_word' id='word_1_217' title='bbox 301 3361 378 3402; x_wconf 85' lang='lat' dir='ltr'><strong>¹uero</strong></span> <span class='ocrx_word' id='word_1_218' title='bbox 400 3361 568 3420; x_wconf 90' lang='lat' dir='ltr'><strong>quanquam</strong></span> <span class='ocrx_word' id='word_1_219' title='bbox 589 3342 715 3418; x_wconf 88' lang='lat' dir='ltr'><strong>accipitri</strong></span> <span class='ocrx_word' id='word_1_220' title='bbox 737 3342 867 3400; x_wconf 88' lang='lat' dir='ltr'><strong>tribuitur</strong></span> <span class='ocrx_word' id='word_1_221' title='bbox 888 3343 918 3400; x_wconf 93' lang='lat' dir='ltr'><strong>in</strong></span> <span class='ocrx_word' id='word_1_222' title='bbox 932 3341 1068 3401; x_wconf 89' lang='lat' dir='ltr'><strong>Carmine</strong></span> <span class='ocrx_word' id='word_1_223' title='bbox 1090 3344 1127 3402; x_wconf 91' lang='lat' dir='ltr'><strong>de</strong></span> <span class='ocrx_word' id='word_1_224' title='bbox 1145 3343 1306 3404; x_wconf 88' lang='lat' dir='ltr'><strong>Philomela</strong></span> 
     </span>
     <span class='ocr_line' id='line_1_28' title="bbox 165 3439 1305 3522; baseline -0.002 -20"><span class='ocrx_word' id='word_1_225' title='bbox 165 3463 213 3515; x_wconf 76' lang='lat'><strong>24,</strong></span> <span class='ocrx_word' id='word_1_226' title='bbox 234 3452 263 3501; x_wconf 91' lang='lat' dir='ltr'><strong>et</strong></span> <span class='ocrx_word' id='word_1_227' title='bbox 288 3443 326 3500; x_wconf 91' lang='lat' dir='ltr'><strong>ab</strong></span> <span class='ocrx_word' id='word_1_228' title='bbox 347 3441 503 3500; x_wconf 86' lang='lat' dir='ltr'><strong>Aldhelmo</strong></span> <span class='ocrx_word' id='word_1_229' title='bbox 525 3442 562 3500; x_wconf 95' lang='lat' dir='ltr'><strong>de</strong></span> <span class='ocrx_word' id='word_1_230' title='bbox 587 3459 617 3498; x_wconf 92' lang='lat' dir='ltr'><strong>re</strong></span> <span class='ocrx_word' id='word_1_231' title='bbox 639 3440 837 3500; x_wconf 86' lang='lat' dir='ltr'><strong>Grammatiea</strong></span> <span class='ocrx_word' id='word_1_232' title='bbox 859 3439 941 3514; x_wconf 84' lang='lat' dir='ltr'><strong>(Mai.</strong></span> <span class='ocrx_word' id='word_1_233' title='bbox 963 3442 1049 3500; x_wconf 79' lang='lat' dir='ltr'><strong>Auct.</strong></span> <span class='ocrx_word' id='word_1_234' title='bbox 1072 3441 1164 3502; x_wconf 89' lang='lat' dir='ltr'><strong>Class.</strong></span> <span class='ocrx_word' id='word_1_235' title='bbox 1180 3441 1215 3500; x_wconf 94' lang='lat' dir='ltr'><strong>V.</strong></span> <span class='ocrx_word' id='word_1_236' title='bbox 1233 3441 1305 3522; x_wconf 87' lang='lat'>569)</span> 
     </span>
     <span class='ocr_line' id='line_1_29' title="bbox 163 3539 1306 3619; baseline 0 -18"><span class='ocrx_word' id='word_1_237' title='bbox 163 3541 294 3619; x_wconf 85' lang='lat' dir='ltr'><strong>largioris</strong></span> <span class='ocrx_word' id='word_1_238' title='bbox 329 3541 546 3617; x_wconf 86' lang='lat' dir='ltr'><strong>significationis</strong></span> <span class='ocrx_word' id='word_1_239' title='bbox 581 3539 758 3598; x_wconf 88' lang='lat' dir='ltr'><strong>uocabulum</strong></span> <span class='ocrx_word' id='word_1_240' title='bbox 790 3539 827 3599; x_wconf 88' lang='lat' dir='ltr'><strong>de</strong></span> <span class='ocrx_word' id='word_1_241' title='bbox 862 3540 975 3616; x_wconf 88' lang='lat' dir='ltr'><strong>gallinis</strong></span> <span class='ocrx_word' id='word_1_242' title='bbox 1007 3541 1110 3600; x_wconf 90' lang='lat' dir='ltr'><strong>dicitur</strong></span> <span class='ocrx_word' id='word_1_243' title='bbox 1143 3542 1306 3602; x_wconf 90' lang='lat' dir='ltr'><strong>seeundum</strong></span> 
     </span>
     <span class='ocr_line' id='line_1_30' title="bbox 163 3635 1304 3717; baseline -0.001 -18"><span class='ocrx_word' id='word_1_244' title='bbox 163 3639 295 3699; x_wconf 90' lang='lat' dir='ltr'><strong>Nonium</strong></span> <span class='ocrx_word' id='word_1_245' title='bbox 316 3659 345 3717; x_wconf 93' lang='lat' dir='ltr'><strong>p.</strong></span> <span class='ocrx_word' id='word_1_246' title='bbox 364 3640 419 3713; x_wconf 87' lang='lat'><strong>156</strong></span> <span class='ocrx_word' id='word_1_247' title='bbox 434 3639 481 3696; x_wconf 91' lang='lat' dir='ltr'><strong>uel</strong></span> <span class='ocrx_word' id='word_1_248' title='bbox 502 3635 601 3714; x_wconf 87' lang='lat' dir='ltr'><strong>pullis¹</strong></span> <span class='ocrx_word' id='word_1_249' title='bbox 622 3638 660 3696; x_wconf 90' lang='lat' dir='ltr'><strong>ib.</strong></span> <span class='ocrx_word' id='word_1_250' title='bbox 673 3655 701 3713; x_wconf 95' lang='lat' dir='ltr'><strong>p.</strong></span> <span class='ocrx_word' id='word_1_251' title='bbox 718 3653 776 3711; x_wconf 84' lang='lat'><strong>450</strong></span> <span class='ocrx_word' id='word_1_252' title='bbox 797 3637 844 3696; x_wconf 90' lang='lat' dir='ltr'><strong>uel</strong></span> <span class='ocrx_word' id='word_1_253' title='bbox 861 3639 958 3714; x_wconf 89' lang='lat' dir='ltr'><strong>pneris</strong></span> <span class='ocrx_word' id='word_1_254' title='bbox 974 3635 1205 3717; x_wconf 82' lang='lat' dir='ltr'><strong>(Reylferseheid</strong></span> <span class='ocrx_word' id='word_1_255' title='bbox 1222 3643 1304 3713; x_wconf 83' lang='lat'><strong>248),</strong></span> 
     </span>
     <span class='ocr_line' id='line_1_31' title="bbox 163 3736 1302 3814; baseline -0.002 -16"><span class='ocrx_word' id='word_1_256' title='bbox 163 3749 193 3798; x_wconf 92' lang='lat' dir='ltr'><strong>et</strong></span> <span class='ocrx_word' id='word_1_257' title='bbox 219 3737 286 3797; x_wconf 92' lang='lat' dir='ltr'><strong>hinc</strong></span> <span class='ocrx_word' id='word_1_258' title='bbox 321 3736 476 3814; x_wconf 88' lang='lat' dir='ltr'><strong>pipulum</strong></span> <span class='ocrx_word' id='word_1_259' title='bbox 511 3737 686 3795; x_wconf 86' lang='lat' dir='ltr'><strong>declinatum</strong></span> <span class='ocrx_word' id='word_1_260' title='bbox 721 3754 785 3794; x_wconf 91' lang='lat' dir='ltr'><strong>esse</strong></span> <span class='ocrx_word' id='word_1_261' title='bbox 820 3736 907 3796; x_wconf 90' lang='lat' dir='ltr'><strong>docet</strong></span> <span class='ocrx_word' id='word_1_262' title='bbox 934 3737 1029 3797; x_wconf 89' lang='lat' dir='ltr'><strong>Varro</strong></span> <span class='ocrx_word' id='word_1_263' title='bbox 1050 3737 1084 3796; x_wconf 95' lang='lat' dir='ltr'><strong>L.</strong></span> <span class='ocrx_word' id='word_1_264' title='bbox 1099 3737 1133 3796; x_wconf 91' lang='lat' dir='ltr'><strong>L.</strong></span> <span class='ocrx_word' id='word_1_265' title='bbox 1148 3738 1216 3796; x_wconf 92' lang='lat' dir='ltr'><strong>VII.</strong></span> <span class='ocrx_word' id='word_1_266' title='bbox 1236 3757 1302 3814; x_wconf 83' lang='lat'><strong>103.</strong></span> 
     </span>
     <span class='ocr_line' id='line_1_32' title="bbox 164 3835 1305 3914; baseline 0 -18"><span class='ocrx_word' id='word_1_267' title='bbox 164 3837 259 3896; x_wconf 90' lang='lat' dir='ltr'><strong>Huius</strong></span> <span class='ocrx_word' id='word_1_268' title='bbox 282 3836 493 3895; x_wconf 90' lang='lat' dir='ltr'><strong>deminutiuum</strong></span> <span class='ocrx_word' id='word_1_269' title='bbox 513 3853 679 3912; x_wconf 89' lang='lat' dir='ltr'><strong>quanquam</strong></span> <span class='ocrx_word' id='word_1_270' title='bbox 701 3835 748 3894; x_wconf 90' lang='lat' dir='ltr'><strong>uel</strong></span> <span class='ocrx_word' id='word_1_271' title='bbox 768 3835 798 3892; x_wconf 90' lang='lat' dir='ltr'><strong>in</strong></span> <span class='ocrx_word' id='word_1_272' title='bbox 820 3835 828 3892; x_wconf 93' lang='lat' dir='ltr'><strong>i</strong></span> <span class='ocrx_word' id='word_1_273' title='bbox 850 3836 897 3894; x_wconf 89' lang='lat' dir='ltr'><strong>uel</strong></span> <span class='ocrx_word' id='word_1_274' title='bbox 917 3854 938 3893; x_wconf 96' lang='lat' dir='ltr'><strong>u</strong></span> <span class='ocrx_word' id='word_1_275' title='bbox 954 3835 1071 3895; x_wconf 87' lang='lat' dir='ltr'><strong>fonnari</strong></span> <span class='ocrx_word' id='word_1_276' title='bbox 1092 3847 1214 3914; x_wconf 89' lang='lat' dir='ltr'><strong>poterat,</strong></span> <span class='ocrx_word' id='word_1_277' title='bbox 1236 3847 1267 3896; x_wconf 90' lang='lat' dir='ltr'><strong>ut</strong></span> <span class='ocrx_word' id='word_1_278' title='bbox 1288 3856 1305 3896; x_wconf 91' lang='lat' dir='ltr'><strong>a</strong></span> 
     </span>
     <span class='ocr_line' id='line_1_33' title="bbox 163 3933 1305 4012; baseline 0 -18"><span class='ocrx_word' id='word_1_279' title='bbox 163 3937 250 4011; x_wconf 89' lang='lat' dir='ltr'><strong>uagio</strong></span> <span class='ocrx_word' id='word_1_280' title='bbox 273 3935 353 3993; x_wconf 91' lang='lat' dir='ltr'><strong>uenit</strong></span> <span class='ocrx_word' id='word_1_281' title='bbox 380 3933 427 3993; x_wconf 85' lang='lat' dir='ltr'><strong>uel</strong></span> <span class='ocrx_word' id='word_1_282' title='bbox 451 3934 549 4009; x_wconf 87' lang='lat' dir='ltr'><strong>uagilo</strong></span> <span class='ocrx_word' id='word_1_283' title='bbox 572 3934 619 3992; x_wconf 88' lang='lat' dir='ltr'><strong>uel</strong></span> <span class='ocrx_word' id='word_1_284' title='bbox 645 3933 761 4008; x_wconf 81' lang='lat' dir='ltr'><strong>uagub,</strong></span> <span class='ocrx_word' id='word_1_285' title='bbox 785 3933 933 4010; x_wconf 88' lang='lat' dir='ltr'><strong>pipilare</strong></span> <span class='ocrx_word' id='word_1_286' title='bbox 960 3952 1028 3994; x_wconf 92' lang='lat' dir='ltr'><strong>cum</strong></span> <span class='ocrx_word' id='word_1_287' title='bbox 1050 3933 1196 4011; x_wconf 87' lang='lat' dir='ltr'><strong>Scaligero</strong></span> <span class='ocrx_word' id='word_1_288' title='bbox 1222 3951 1305 4012; x_wconf 87' lang='lat' dir='ltr'><strong>prae·</strong></span> 
     </span>
     <span class='ocr_line' id='line_1_34' title="bbox 164 4031 1305 4111; baseline 0 -19"><span class='ocrx_word' id='word_1_289' title='bbox 164 4033 313 4093; x_wconf 86' lang='lat' dir='ltr'><strong>ferendum</strong></span> <span class='ocrx_word' id='word_1_290' title='bbox 341 4051 458 4104; x_wconf 66' lang='lat' dir='ltr'><strong>censam,</strong></span> <span class='ocrx_word' id='word_1_291' title='bbox 490 4043 551 4090; x_wconf 92' lang='lat' dir='ltr'><strong>tum</strong></span> <span class='ocrx_word' id='word_1_292' title='bbox 579 4031 661 4109; x_wconf 89' lang='lat' dir='ltr'><strong>quod</strong></span> <span class='ocrx_word' id='word_1_293' title='bbox 688 4033 718 4090; x_wconf 90' lang='lat' dir='ltr'><strong>in</strong></span> <span class='ocrx_word' id='word_1_294' title='bbox 746 4031 851 4091; x_wconf 89' lang='lat' dir='ltr'><strong>Catulli</strong></span> <span class='ocrx_word' id='word_1_295' title='bbox 879 4033 1029 4092; x_wconf 89' lang='lat' dir='ltr'><strong>codicibus</strong></span> <span class='ocrx_word' id='word_1_296' title='bbox 1056 4035 1214 4111; x_wconf 88' lang='lat' dir='ltr'><strong>pipulare</strong></span> <span class='ocrx_word' id='word_1_297' title='bbox 1244 4053 1305 4094; x_wconf 92' lang='lat' dir='ltr'><strong>non</strong></span> 
     </span>
     <span class='ocr_line' id='line_1_35' title="bbox 163 4131 1305 4212; baseline -0.001 -19"><span class='ocrx_word' id='word_1_298' title='bbox 163 4133 295 4203; x_wconf 89' lang='lat' dir='ltr'><strong>occurrit,</strong></span> <span class='ocrx_word' id='word_1_299' title='bbox 310 4131 416 4191; x_wconf 91' lang='lat' dir='ltr'><strong>habent</strong></span> <span class='ocrx_word' id='word_1_300' title='bbox 438 4133 516 4190; x_wconf 90' lang='lat' dir='ltr'><strong>enim</strong></span> <span class='ocrx_word' id='word_1_301' title='bbox 538 4142 587 4191; x_wconf 90' lang='lat' dir='ltr'><strong>aut</strong></span> <span class='ocrx_word' id='word_1_302' title='bbox 607 4132 764 4208; x_wconf 89' lang='lat' dir='ltr'><strong>piplabat</strong></span> <span class='ocrx_word' id='word_1_303' title='bbox 784 4144 835 4191; x_wconf 91' lang='lat' dir='ltr'><strong>aut</strong></span> <span class='ocrx_word' id='word_1_304' title='bbox 856 4131 1255 4212; x_wconf 83' lang='lat' dir='ltr'><strong>pipil(1)abat,tumquod</strong></span> <span class='ocrx_word' id='word_1_305' title='bbox 1275 4135 1305 4192; x_wconf 90' lang='lat' dir='ltr'><strong>in</strong></span> 
     </span>
    </p>
   </div>
   <div class='ocr_carea' id='block_1_5' title="bbox 160 4328 1306 4478">
    <p class='ocr_par' dir='ltr' id='par_1_5' title="bbox 160 4328 1306 4478">
     <span class='ocr_line' id='line_1_36' title="bbox 197 4328 1306 4393; baseline 0.005 -17"><span class='ocrx_word' id='word_1_306' title='bbox 197 4328 203 4356; x_wconf 91' lang='lat'><strong>¹</strong></span> <span class='ocrx_word' id='word_1_307' title='bbox 221 4331 317 4390; x_wconf 89' lang='lat' dir='ltr'><strong>Pipire</strong></span> <span class='ocrx_word' id='word_1_308' title='bbox 336 4331 363 4377; x_wconf 92' lang='lat' dir='ltr'><strong>de</strong></span> <span class='ocrx_word' id='word_1_309' title='bbox 382 4331 446 4392; x_wconf 85' lang='lat' dir='ltr'><strong>pullis</strong></span> <span class='ocrx_word' id='word_1_310' title='bbox 465 4339 555 4391; x_wconf 85' lang='lat' dir='ltr'><strong>usurpat</strong></span> <span class='ocrx_word' id='word_1_311' title='bbox 571 4330 699 4377; x_wconf 81' lang='lat' dir='ltr'><strong>Columella</strong></span> <span class='ocrx_word' id='word_1_312' title='bbox 713 4329 741 4378; x_wconf 92' lang='lat' dir='ltr'><strong>V.</strong></span> <span class='ocrx_word' id='word_1_313' title='bbox 754 4330 777 4378; x_wconf 90' lang='lat'><strong>8.</strong></span> <span class='ocrx_word' id='word_1_314' title='bbox 791 4343 819 4392; x_wconf 85' lang='lat'><strong>14</strong></span> <span class='ocrx_word' id='word_1_315' title='bbox 832 4331 1002 4378; x_wconf 80' lang='lat' dir='ltr'><strong>animaduertat</strong></span> <span class='ocrx_word' id='word_1_316' title='bbox 1020 4347 1051 4377; x_wconf 85' lang='lat' dir='ltr'><strong>an</strong></span> <span class='ocrx_word' id='word_1_317' title='bbox 1068 4331 1129 4393; x_wconf 77' lang='lat' dir='ltr'><strong>prelii</strong></span> <span class='ocrx_word' id='word_1_318' title='bbox 1147 4333 1243 4381; x_wconf 82' lang='lat' dir='ltr'><strong>rostellis</strong></span> <span class='ocrx_word' id='word_1_319' title='bbox 1261 4351 1306 4382; x_wconf 84' lang='lat' dir='ltr'><strong>ouo</strong></span> 
     </span>
     <span class='ocr_line' id='line_1_37' title="bbox 160 4413 1306 4478; baseline 0.004 -18"><span class='ocrx_word' id='word_1_320' title='bbox 160 4415 306 4476; x_wconf 69' lang='lat' dir='ltr'><strong>parturierint</strong></span> <span class='ocrx_word' id='word_1_321' title='bbox 315 4423 336 4460; x_wconf 85' lang='lat' dir='ltr'><strong>et</strong></span> <span class='ocrx_word' id='word_1_322' title='bbox 346 4414 484 4461; x_wconf 79' lang='lat' dir='ltr'><strong>auscultetur</strong></span> <span class='ocrx_word' id='word_1_323' title='bbox 495 4429 525 4460; x_wconf 82' lang='lat' dir='ltr'><strong>nn</strong></span> <span class='ocrx_word' id='word_1_324' title='bbox 541 4415 666 4475; x_wconf 83' lang='lat' dir='ltr'><strong>pipiant.</strong></span> <span class='ocrx_word' id='word_1_325' title='bbox 702 4413 761 4460; x_wconf 87' lang='lat' dir='ltr'><strong>Hinc</strong></span> <span class='ocrx_word' id='word_1_326' title='bbox 778 4414 871 4474; x_wconf 88' lang='lat' dir='ltr'><strong>pipio,</strong></span> <span class='ocrx_word' id='word_1_327' title='bbox 890 4415 952 4461; x_wconf 86' lang='lat' dir='ltr'><strong>onis</strong></span> <span class='ocrx_word' id='word_1_328' title='bbox 970 4414 1022 4464; x_wconf 67' lang='lat' dir='ltr'><strong>lae.</strong></span> <span class='ocrx_word' id='word_1_329' title='bbox 1038 4415 1111 4476; x_wconf 83' lang='lat' dir='ltr'><strong>pullus</strong></span> <span class='ocrx_word' id='word_1_330' title='bbox 1129 4416 1202 4463; x_wconf 84' lang='lat' dir='ltr'><strong>adhuc</strong></span> <span class='ocrx_word' id='word_1_331' title='bbox 1219 4417 1306 4478; x_wconf 77' lang='lat' dir='ltr'><strong>pipicus</strong></span> 
     </span>
    </p>
   </div>
   <div class='ocr_carea' id='block_1_6' title="bbox 164 4497 399 4558">
    <p class='ocr_par' dir='ltr' id='par_1_6' title="bbox 164 4497 399 4558">
     <span class='ocr_line' id='line_1_38' title="bbox 164 4497 399 4558; baseline 0.004 -16"><span class='ocrx_word' id='word_1_332' title='bbox 164 4497 252 4544; x_wconf 85' lang='lat' dir='ltr'><strong>uidetur</strong></span> <span class='ocrx_word' id='word_1_333' title='bbox 264 4499 399 4558; x_wconf 84' lang='lat' dir='ltr'><strong>prouenisse.</strong></span> 
     </span>
    </p>
   </div>
   <div class='ocr_carea' id='block_1_7' title="bbox 0 0 1573 5060">
    <p class='ocr_par' dir='ltr' id='par_1_7' title="bbox 0 0 1573 5060">
     <span class='ocr_line' id='line_1_39' title="bbox 0 0 1573 5060; baseline 0 0"><span class='ocrx_word' id='word_1_334' title='bbox 0 0 1573 5060; x_wconf 95' lang='lat' dir='ltr'><strong> </strong></span> 
     </span>
    </p>
   </div>
  </div>
 </body>
</html>
