3136 5060
251 377 311 434 288
656 373 712 432 DE
736 371 998 434 PARTITIONE

418 573 454 614 ro
495 553 540 615 Es
554 555 707 631 impudicus
720 563 747 612 et
757 573 854 614 uorax
867 560 893 612 et
903 555 970 612 aleo.

416 671 449 712 rr
494 652 573 711 Eone
586 655 700 723 nomine,
715 655 864 728 imperator
878 655 964 722 nnete,

416 771 450 810 12
493 751 594 810 Fursti
603 753 633 808 in
647 752 747 809 ultema
762 751 902 809 oecrderrtr's
916 751 1018 820 ansula,

415 867 452 923 23
494 847 572 907 Eam
584 850 691 906 nomene
704 848 785 907 urbes
797 849 1013 924 opulentissimae

415 966 453 1018 24
495 944 579 1005 Sacer
587 965 722 1022 generque
729 945 892 1021 perdrdr'stre
905 946 1005 1014 omnia,

418 1063 429 1102 ι
436 1063 453 1119 3
503 1041 537 1100 Vt
549 1046 603 1101 ista
617 1049 713 1102 nostra
727 1042 859 1119 diffututa
874 1042 994 1099 mentula

418 1161 453 1213 14
495 1139 642 1199 Ducenties
655 1147 780 1198 comesset
791 1147 843 1198 aret
852 1142 1014 1198 trecenties?

418 1257 454 1314 15
499 1238 576 1310 Ouid
585 1245 626 1297 est
637 1238 691 1297 alit
701 1241 820 1297 semestra
834 1238 1013 1296 liberalitas?

417 1357 451 1397 21
499 1335 576 1408 Quid
586 1337 660 1395 hunc
672 1335 890 1412 malumsouetr's
903 1345 955 1394 aret
965 1337 1035 1414 quid
1044 1336 1185 1412 inpotem

418 1453 453 1494 aa
496 1433 571 1492 Nisi
581 1439 663 1491 uncta
677 1433 811 1490 deuorare
818 1436 1017 1508 patrimonnii

418 1535 454 1591 ro
496 1531 610 1590 Parum
624 1535 790 1606 expatrauit
800 1552 839 1589 an
847 1541 952 1606 parurn
966 1533 1104 1590 helluatus
1117 1535 1178 1590 esti

419 1647 452 1704 ¹⁷
495 1629 625 1688 Paterna
632 1632 731 1704 prema
745 1631 888 1688 tancrnata
901 1637 968 1688 srmt
980 1630 1048 1688 bana
1057 1649 1068 1686 .·

421 1731 455 1788 18
498 1727 623 1787 Senenda
631 1729 740 1804 paeda
754 1728 882 1798 Panhea,
897 1729 959 1786 ende
971 1732 1054 1786 tertra

420 1845 455 1904 19
497 1827 617 1897 Hibera,
631 1845 714 1902 quam
727 1830 780 1886 scit
791 1831 883 1886 amnis
896 1830 968 1885 anri
979 1846 1010 1884 er
1026 1825 1130 1904 Tagus.

418 1944 456 1986 ao
478 1924 586 1986 †Hune
602 1924 714 1986 Galliae
726 1928 802 1983 timet
812 1933 839 1983 et
849 1924 1029 1984 Britanniae.

296 2049 411 2110 Harum
424 2049 618 2108 mutationum
632 2047 707 2108 duae
721 2047 781 2108 sere
796 2057 863 2108 sunt
877 2067 992 2109 causae.
1036 2050 1080 2121 (r)
1097 2048 1127 2106 Si
1141 2065 1245 2107 uersus
1261 2065 1276 2105 a
1281 2066 1299 2123 3
1318 2045 1407 2106 Socer

249 2167 386 2226 generque
405 2147 566 2222 perdidistis
587 2148 679 2204 amnia
702 2147 851 2223 praecedit
876 2166 922 2221 13,
948 2153 1045 2206 uestra
1066 2146 1154 2204 habet
1174 2163 1234 2222 quo
1255 2145 1405 2206 referatur.

255 2244 343 2304 Nunc
358 2243 395 2304 ad
409 2260 501 2302 unum
516 2242 674 2303 Caesarem
688 2243 786 2302 referri
800 2243 922 2302 uidetur.
959 2247 1003 2318 (n)
1020 2243 1243 2319 Coniungrmtur
1262 2243 1325 2302 duo
1344 2243 1405 2302 dis-

254 2342 341 2412 ticha,
362 2358 437 2418 quae
462 2351 584 2418 utraque
609 2341 751 2419 incipiunt
775 2361 793 2400 a
816 2343 914 2402 uerbis
936 2341 1015 2400 Eone
1038 2343 1149 2400 nomene.
1192 2339 1252 2400 Sed
1274 2343 1320 2413 (r)
1341 2358 1405 2398 non

255 2439 449 2516 praecedente
473 2449 586 2498 tantum
608 2459 636 2498 ιι.
654 2459 691 2514 ²3
715 2451 793 2500 recte
819 2441 947 2517 sequitru
969 2447 1074 2498 nostra.
1124 2439 1224 2498 Potest
1247 2439 1328 2496 enim
1354 2449 1405 2498 aut

255 2555 323 2596 cum
338 2536 465 2596 Caesare
485 2537 524 2596 ad
537 2536 730 2598 Caesarianos
749 2547 798 2597 aut
818 2556 871 2614 per
889 2539 1125 2614 anticipationem
1143 2536 1182 2596 ad
1195 2536 1357 2595 Caesarem
1375 2545 1405 2596 et

255 2633 429 2711 Pompeium
447 2632 569 2694 referri¹.
612 2637 657 2709 (a)
674 2634 806 2696 Disticha
824 2635 872 2696 illa
889 2636 1003 2695 etiamsi
1021 2653 1081 2694 non
1100 2635 1238 2694 continua
1255 2633 1404 2710 legrmuu,

287 2831 506 2882 ¹cr.1.xrv.160
524 2837 634 2884 Attamen
654 2837 678 2884 in
698 2845 786 2884 nestrae
802 2837 898 2898 poturi
917 2837 998 2884 meere
1018 2837 1085 2894 udae,
1104 2837 1159 2886 he„
1175 2836 1261 2884 Thesei
1281 2845 1305 2884 et
1324 2838 1405 2898 patris.

253 2915 361 2962 XXXIX.
375 2927 406 2962 ιο
421 2915 452 2963 Vt
466 2931 510 2979 qua
531 2918 571 2964 iste
587 2927 661 2966 uerter
677 2919 799 2980 expetatur
815 2920 870 2966 &aa
886 2927 926 2968 est.
958 2919 1064 2966 LXVIII.
1078 2920 1149 2982 (151)
1160 2920 1198 2966 Ne
1208 2927 1309 2966 emm
1320 2919 1404 2966 mom

252 3005 337 3060 tangat
355 2996 459 3060 robigine
477 3013 567 3054 nomen,
589 2999 673 3048 LXXI.
690 3013 713 3062 3.
738 3001 869 3049 LXXXIX.
885 3013 909 3062 5.
948 3001 1019 3063 (Vide
1038 3001 1142 3050 Sebrnnb.
1162 3001 1255 3066 Quart.
1275 3000 1364 3050 (tatuit
1381 3001 1404 3050 t.

249 3089 274 3143 p.
289 3081 355 3144 155.)
374 3081 416 3128 rtis
427 3083 572 3130 addocent.
583 3083 639 3130 XIV

515 3182 575 3242 Quis
586 3182 641 3229 deus
652 3182 736 3229 Octaui
748 3191 771 3230 te
783 3183 849 3230 uobis
861 3182 971 3230 abstulit?
987 3197 1016 3230 arr
1028 3199 1087 3245 quae

548 3264 633 3310 Dicunt
645 3278 674 3309 an
687 3265 759 3310 nimio
770 3265 852 3324 pocula
864 3265 919 3311 dura
931 3265 1013 3311 mero?

513 3347 585 3394 Vobis
596 3347 614 3394 si
626 3346 691 3408 culpa
703 3356 738 3395 ert
749 3348 809 3404 bilis,
820 3364 861 3395 rua
873 3362 988 3409 quemque
999 3357 1104 3396 secuntur

548 3429 612 3484 Fata.
624 3429 678 3489 quid
689 3429 798 3476 immeriti
810 3431 897 3476 crimen
908 3430 993 3476 habeut
1004 3429 1100 3492 cyathi?

514 3509 600 3570 Scripta
613 3509 705 3570 quidem
717 3518 757 3556 tna
769 3525 810 3557 nos
822 3511 922 3558 multum
934 3511 1073 3568 mirabimur,
1085 3520 1108 3559 et
1120 3520 1143 3558 te

548 3593 650 3653 Raptum
662 3601 685 3639 et
697 3591 829 3638 Romanam
841 3593 945 3640 flebimus
956 3593 1081 3642 historiam.

514 3675 557 3721 Sed
569 3684 594 3721 tu
607 3673 681 3720 nullus
693 3675 744 3723 eris.
777 3675 879 3722 Peruersi
891 3675 960 3723 dicite
972 3691 1051 3724 merres

546 3757 613 3804 Hunc
626 3771 739 3818 superesse
750 3757 813 3818 petri
824 3772 883 3818 qnae
895 3758 937 3804 fuit
948 3757 1051 3804 inuidia?

254 3851 360 3900 Tertium
372 3868 462 3902 uernum
474 3855 505 3901 ric
516 3855 651 3916 interpretor
663 3855 697 3901 ‘si
717 3855 833 3902 fanriliaris
844 3856 995 3903 Octauiorum
1012 3858 1104 3903 morbus
1117 3855 1166 3903 bilis
1180 3865 1215 3902 est
1230 3855 1322 3910 suffire,
1334 3872 1405 3904 nemo

253 3941 260 3960 ⁸
273 3942 350 3981 nutem
361 3943 396 3982 ert
407 3936 443 3983 cui
456 3950 502 3982 non
515 3936 564 3982 fato
575 3951 617 3984 ιιιο
628 3937 748 4000 contingat
760 3938 829 3994 mori,
842 3938 896 4000 quid
908 3938 986 3999 cynthi
999 3939 1117 3998 culpantur
1127 3945 1237 3998 tanquam
1249 3947 1351 3985 mortem
1362 3939 1405 3986 tibi

253 4015 388 4062 intulerint?
422 4017 484 4064 Nam
501 4018 550 4064 tato
567 4025 608 4064 tuo
625 4017 649 4067 h.
658 4033 678 4068 e.
697 4019 747 4066 brh'r
764 4020 854 4076 morbo,
866 4034 912 4066 ιιοιι
929 4021 984 4066 uino
1001 4020 1094 4081 periisti.
1128 4020 1154 4066 In
1167 4035 1214 4081 quo
1231 4020 1320 4068 uidetur
1333 4022 1404 4069 earu-

254 4095 362 4144 nrachum
374 4097 475 4147 inritatur
486 4099 517 4147 ric
529 4099 665 4147 rcdbentenr
676 4100 742 4164 Epig.
755 4099 831 4146 LXIV

482 4193 574 4252 three,
585 4194 624 4244 ed
636 4194 667 4246 σὺ
677 4195 725 4260 γὰρ
736 4193 789 4253 ote,
801 4194 958 4258 notemur.
970 4197 1013 4244 orie
1025 4195 1063 4245 eet
1075 4196 1151 4247 mnu

509 4275 596 4326 ’itata
619 4277 644 4326 rt
655 4295 684 4328 ae
695 4277 778 4341 frtrem
789 4283 871 4341 λῷστε
883 4277 1074 4341 κατιιργάσατοι
1119 4317 1124 4328 .

480 4354 512 4405 Ἦ
523 4374 553 4418 pa
564 4357 595 4406 τὸ
606 4357 646 4408 eat
657 4359 800 4424 rrtmvpov·
818 4359 833 4408 ὅ
844 4379 884 4422 μοι
897 4359 1045 4422 πεπρωμένου
1057 4359 1128 4410 ὕπνοι

511 4435 609 4488 Ἦλθεν·
627 4442 640 4488 d
653 4441 678 4490 δὲ
691 4441 790 4502 τλὴμαν
802 4440 863 4492 οἶνοι
876 4439 928 4505 ἔχει
940 4441 1070 4505 πρόφασιν.
