<?xml version="1.0" encoding="UTF-8"?>
<!DOCTYPE html PUBLIC "-//W3C//DTD XHTML 1.0 Transitional//EN"
    "http://www.w3.org/TR/xhtml1/DTD/xhtml1-transitional.dtd">
<html xmlns="http://www.w3.org/1999/xhtml" xml:lang="en" lang="en">
 <head>
  <title>
</title>
<meta http-equiv="Content-Type" content="text/html;charset=utf-8" />
  <meta name='ocr-system' content='tesseract 3.04.00' />
  <meta name='ocr-capabilities' content='ocr_page ocr_carea ocr_par ocr_line ocrx_word'/>
</head>
<body>
  <div class='ocr_page' id='page_1' title='image "./catulliliber00elligoog_0107.png"; bbox 0 0 3094 5052; ppageno 0'>
   <div class='ocr_carea' id='block_1_1' title="bbox 677 363 899 432">
    <p class='ocr_par' dir='ltr' id='par_1_1' title="bbox 677 363 899 432">
     <span class='ocr_line' id='line_1_1' title="bbox 677 363 899 432; baseline -0.027 0"><span class='ocrx_word' id='word_1_1' title='bbox 677 363 899 432; x_wconf 85' lang='lat' dir='ltr'>CATVLLI</span> 
     </span>
    </p>
   </div>
   <div class='ocr_carea' id='block_1_2' title="bbox 383 551 1181 1315">
    <p class='ocr_par' dir='ltr' id='par_1_2' title="bbox 385 551 992 638">
     <span class='ocr_line' id='line_1_2' title="bbox 385 551 992 638; baseline -0.013 -19"><span class='ocrx_word' id='word_1_2' title='bbox 385 553 458 619; x_wconf 89' lang='lat' dir='ltr'>Siue</span> <span class='ocrx_word' id='word_1_3' title='bbox 480 563 571 618; x_wconf 84' lang='lat' dir='ltr'>trans</span> <span class='ocrx_word' id='word_1_4' title='bbox 592 553 675 618; x_wconf 84' lang='lat' dir='ltr'>altas</span> <span class='ocrx_word' id='word_1_5' title='bbox 697 552 859 638; x_wconf 83' lang='lat' dir='ltr'>gradietur</span> <span class='ocrx_word' id='word_1_6' title='bbox 882 551 992 636; x_wconf 78' lang='lat' dir='ltr'>Alpes,</span> 
     </span>
    </p>

    <p class='ocr_par' dir='ltr' id='par_1_3' title="bbox 383 665 1181 975">
     <span class='ocr_line' id='line_1_3' title="bbox 385 665 1035 750; baseline -0.011 -17"><span class='ocrx_word' id='word_1_7' title='bbox 385 667 535 733; x_wconf 85' lang='lat' dir='ltr'>Caesaris</span> <span class='ocrx_word' id='word_1_8' title='bbox 556 667 665 730; x_wconf 86' lang='lat' dir='ltr'>uisens</span> <span class='ocrx_word' id='word_1_9' title='bbox 687 667 891 729; x_wconf 86' lang='lat' dir='ltr'>monimenta</span> <span class='ocrx_word' id='word_1_10' title='bbox 911 665 1035 750; x_wconf 84' lang='lat' dir='ltr'>magni,</span> 
     </span>
     <span class='ocr_line' id='line_1_4' title="bbox 383 775 1181 843; baseline -0.005 -1"><span class='ocrx_word' id='word_1_11' title='bbox 383 779 546 843; x_wconf 85' lang='lat' dir='ltr'>Gallicum</span> <span class='ocrx_word' id='word_1_12' title='bbox 569 777 721 843; x_wconf 85' lang='lat' dir='ltr'>Rhenum</span> <span class='ocrx_word' id='word_1_13' title='bbox 743 777 926 842; x_wconf 84' lang='lat' dir='ltr'>horribilem</span> <span class='ocrx_word' id='word_1_14' title='bbox 948 775 1084 842; x_wconf 75' lang='lat' dir='ltr'>iresulum</span> <span class='ocrx_word' id='word_1_15' title='bbox 1104 775 1181 839; x_wconf 90' lang='lat' dir='ltr'>ulti·</span> 
     </span>
     <span class='ocr_line' id='line_1_5' title="bbox 602 890 940 975; baseline 0 -21"><span class='ocrx_word' id='word_1_16' title='bbox 602 911 733 975; x_wconf 88' lang='lat' dir='ltr'>mosque</span> <span class='ocrx_word' id='word_1_17' title='bbox 755 890 940 975; x_wconf 81' lang='lat' dir='ltr'>Britannos,</span> 
     </span>
    </p>

    <p class='ocr_par' dir='ltr' id='par_1_4' title="bbox 385 1004 1122 1315">
     <span class='ocr_line' id='line_1_6' title="bbox 386 1004 1122 1090; baseline -0.004 -20"><span class='ocrx_word' id='word_1_18' title='bbox 386 1007 509 1070; x_wconf 83' lang='lat' dir='ltr'>Omnia</span> <span class='ocrx_word' id='word_1_19' title='bbox 530 1006 621 1090; x_wconf 88' lang='lat' dir='ltr'>haec,</span> <span class='ocrx_word' id='word_1_20' title='bbox 642 1025 848 1089; x_wconf 83' lang='lat' dir='ltr'>quaecunque</span> <span class='ocrx_word' id='word_1_21' title='bbox 869 1005 951 1068; x_wconf 88' lang='lat' dir='ltr'>feret</span> <span class='ocrx_word' id='word_1_22' title='bbox 972 1004 1122 1069; x_wconf 87' lang='lat' dir='ltr'>uoluntas</span> 
     </span>
     <span class='ocr_line' id='line_1_7' title="bbox 385 1117 967 1202; baseline -0.01 -16"><span class='ocrx_word' id='word_1_23' title='bbox 385 1118 561 1202; x_wconf 80' lang='lat' dir='ltr'>Caelitum,</span> <span class='ocrx_word' id='word_1_24' title='bbox 583 1127 710 1184; x_wconf 83' lang='lat' dir='ltr'>tentare</span> <span class='ocrx_word' id='word_1_25' title='bbox 732 1117 828 1182; x_wconf 92' lang='lat' dir='ltr'>simul</span> <span class='ocrx_word' id='word_1_26' title='bbox 851 1118 967 1202; x_wconf 86' lang='lat' dir='ltr'>parati,</span> 
     </span>
     <span class='ocr_line' id='line_1_8' title="bbox 386 1229 922 1315; baseline -0.007 -19"><span class='ocrx_word' id='word_1_27' title='bbox 386 1230 489 1296; x_wconf 79' lang='lat' dir='ltr'>Pauca</span> <span class='ocrx_word' id='word_1_28' title='bbox 512 1232 662 1296; x_wconf 81' lang='lat' dir='ltr'>nuntiate</span> <span class='ocrx_word' id='word_1_29' title='bbox 685 1249 776 1294; x_wconf 85' lang='lat' dir='ltr'>meae</span> <span class='ocrx_word' id='word_1_30' title='bbox 799 1229 922 1315; x_wconf 87' lang='lat' dir='ltr'>puellae</span> 
     </span>
    </p>
   </div>
   <div class='ocr_carea' id='block_1_3' title="bbox 383 1343 1359 2303">
    <p class='ocr_par' dir='ltr' id='par_1_5' title="bbox 383 1343 1359 2303">
     <span class='ocr_line' id='line_1_9' title="bbox 592 1343 898 1408; baseline 0 0"><span class='ocrx_word' id='word_1_31' title='bbox 592 1343 671 1408; x_wconf 91' lang='lat' dir='ltr'>Non</span> <span class='ocrx_word' id='word_1_32' title='bbox 695 1344 780 1408; x_wconf 86' lang='lat' dir='ltr'>bona</span> <span class='ocrx_word' id='word_1_33' title='bbox 801 1343 898 1408; x_wconf 85' lang='lat' dir='ltr'>dicta.</span> 
     </span>
     <span class='ocr_line' id='line_1_10' title="bbox 385 1456 1039 1541; baseline -0.006 -19"><span class='ocrx_word' id='word_1_34' title='bbox 385 1456 472 1522; x_wconf 91' lang='lat' dir='ltr'>Cum</span> <span class='ocrx_word' id='word_1_35' title='bbox 494 1459 561 1520; x_wconf 90' lang='lat' dir='ltr'>suis</span> <span class='ocrx_word' id='word_1_36' title='bbox 582 1459 672 1522; x_wconf 89' lang='lat' dir='ltr'>uiuat</span> <span class='ocrx_word' id='word_1_37' title='bbox 694 1457 863 1541; x_wconf 87' lang='lat' dir='ltr'>ualeatque</span> <span class='ocrx_word' id='word_1_38' title='bbox 885 1457 1039 1540; x_wconf 88' lang='lat' dir='ltr'>moechis,</span> 
     </span>
     <span class='ocr_line' id='line_1_11' title="bbox 385 1569 1088 1655; baseline 0.003 -23"><span class='ocrx_word' id='word_1_39' title='bbox 385 1570 475 1655; x_wconf 80' lang='lat' dir='ltr'>Qus</span> <span class='ocrx_word' id='word_1_40' title='bbox 496 1569 592 1634; x_wconf 92' lang='lat' dir='ltr'>simul</span> <span class='ocrx_word' id='word_1_41' title='bbox 614 1569 781 1655; x_wconf 84' lang='lat' dir='ltr'>complexa</span> <span class='ocrx_word' id='word_1_42' title='bbox 802 1579 894 1634; x_wconf 88' lang='lat' dir='ltr'>tenet</span> <span class='ocrx_word' id='word_1_43' title='bbox 916 1577 1088 1654; x_wconf 87' lang='lat' dir='ltr'>trecentos,</span> 
     </span>
     <span class='ocr_line' id='line_1_12' title="bbox 384 1679 1212 1767; baseline -0.004 -23"><span class='ocrx_word' id='word_1_44' title='bbox 384 1679 522 1744; x_wconf 88' lang='lat' dir='ltr'>Nullum</span> <span class='ocrx_word' id='word_1_45' title='bbox 543 1700 656 1745; x_wconf 86' lang='lat' dir='ltr'>amans</span> <span class='ocrx_word' id='word_1_46' title='bbox 677 1701 764 1767; x_wconf 88' lang='lat' dir='ltr'>uere,</span> <span class='ocrx_word' id='word_1_47' title='bbox 786 1680 842 1744; x_wconf 86' lang='lat' dir='ltr'>sed</span> <span class='ocrx_word' id='word_1_48' title='bbox 865 1679 1044 1744; x_wconf 86' lang='lat' dir='ltr'>identidem</span> <span class='ocrx_word' id='word_1_49' title='bbox 1065 1681 1212 1744; x_wconf 90' lang='lat' dir='ltr'>omnium</span> 
     </span>
     <span class='ocr_line' id='line_1_13' title="bbox 599 1791 1359 1876; baseline 0.003 -20"><span class='ocrx_word' id='word_1_50' title='bbox 599 1791 661 1856; x_wconf 89' lang='lat' dir='ltr'>Ilia</span> <span class='ocrx_word' id='word_1_51' title='bbox 681 1813 851 1876; x_wconf 86' lang='lat' dir='ltr'>rumpens:</span> <span class='ocrx_word' id='word_1_52' title='bbox 1327 1823 1359 1858; x_wconf 77' lang='lat' dir='ltr'>eo</span> 
     </span>
     <span class='ocr_line' id='line_1_14' title="bbox 385 1903 1128 1990; baseline 0.001 -23"><span class='ocrx_word' id='word_1_53' title='bbox 385 1903 459 1967; x_wconf 90' lang='lat' dir='ltr'>Nec</span> <span class='ocrx_word' id='word_1_54' title='bbox 482 1923 590 1968; x_wconf 92' lang='lat' dir='ltr'>meum</span> <span class='ocrx_word' id='word_1_55' title='bbox 611 1913 782 1990; x_wconf 86' lang='lat' dir='ltr'>respectet,</span> <span class='ocrx_word' id='word_1_56' title='bbox 803 1922 839 1968; x_wconf 92' lang='lat' dir='ltr'>ut</span> <span class='ocrx_word' id='word_1_57' title='bbox 861 1913 952 1988; x_wconf 87' lang='lat' dir='ltr'>ante,</span> <span class='ocrx_word' id='word_1_58' title='bbox 973 1923 1128 1988; x_wconf 88' lang='lat' dir='ltr'>amorem,</span> 
     </span>
     <span class='ocr_line' id='line_1_15' title="bbox 385 2015 1035 2101; baseline 0.002 -23"><span class='ocrx_word' id='word_1_59' title='bbox 385 2015 451 2101; x_wconf 86' lang='lat' dir='ltr'>Qi</span> <span class='ocrx_word' id='word_1_60' title='bbox 474 2015 563 2078; x_wconf 82' lang='lat' dir='ltr'>illiu&#39;s</span> <span class='ocrx_word' id='word_1_61' title='bbox 584 2015 677 2100; x_wconf 88' lang='lat' dir='ltr'>culpa</span> <span class='ocrx_word' id='word_1_62' title='bbox 698 2016 818 2081; x_wconf 88' lang='lat' dir='ltr'>cecidit</span> <span class='ocrx_word' id='word_1_63' title='bbox 841 2015 928 2080; x_wconf 91' lang='lat' dir='ltr'>uelut</span> <span class='ocrx_word' id='word_1_64' title='bbox 951 2017 1035 2099; x_wconf 89' lang='lat' dir='ltr'>prati</span> 
     </span>
     <span class='ocr_line' id='line_1_16' title="bbox 383 2125 1014 2212; baseline 0 -22"><span class='ocrx_word' id='word_1_65' title='bbox 383 2125 501 2191; x_wconf 88' lang='lat' dir='ltr'>Vltimi</span> <span class='ocrx_word' id='word_1_66' title='bbox 523 2126 592 2212; x_wconf 87' lang='lat' dir='ltr'>flos,</span> <span class='ocrx_word' id='word_1_67' title='bbox 616 2137 839 2212; x_wconf 85' lang='lat' dir='ltr'>praetereunte</span> <span class='ocrx_word' id='word_1_68' title='bbox 861 2146 1014 2212; x_wconf 86' lang='lat' dir='ltr'>posquam</span> 
     </span>
     <span class='ocr_line' id='line_1_17' title="bbox 600 2238 930 2303; baseline -0.003 0"><span class='ocrx_word' id='word_1_69' title='bbox 600 2238 723 2303; x_wconf 88' lang='lat' dir='ltr'>Tactus</span> <span class='ocrx_word' id='word_1_70' title='bbox 743 2246 850 2302; x_wconf 85' lang='lat' dir='ltr'>aratro</span> <span class='ocrx_word' id='word_1_71' title='bbox 870 2248 930 2302; x_wconf 90' lang='lat' dir='ltr'>est.</span> 
     </span>
    </p>
   </div>
   <div class='ocr_carea' id='block_1_4' title="bbox 199 2497 1364 4549">
    <p class='ocr_par' dir='ltr' id='par_1_6' title="bbox 245 2497 624 2566">
     <span class='ocr_line' id='line_1_18' title="bbox 245 2497 624 2566; baseline 0.005 -15"><span class='ocrx_word' id='word_1_72' title='bbox 245 2518 270 2566; x_wconf 87' lang='lat'>9.</span> <span class='ocrx_word' id='word_1_73' title='bbox 306 2498 388 2552; x_wconf 77' lang='lat' dir='ltr'>snio</span> <span class='ocrx_word' id='word_1_74' title='bbox 457 2497 524 2552; x_wconf 81' lang='lat' dir='ltr'>latas</span> <span class='ocrx_word' id='word_1_75' title='bbox 536 2499 624 2553; x_wconf 84' lang='lat' dir='ltr'>BVhd.</span> 
     </span>
    </p>

    <p class='ocr_par' dir='ltr' id='par_1_7' title="bbox 205 2569 1357 3278">
     <span class='ocr_line' id='line_1_19' title="bbox 248 2569 1357 2640; baseline 0.001 -17"><span class='ocrx_word' id='word_1_76' title='bbox 248 2589 288 2624; x_wconf 89' lang='lat'>10.</span> <span class='ocrx_word' id='word_1_77' title='bbox 323 2569 419 2622; x_wconf 89' lang='lat' dir='ltr'>uidens</span> <span class='ocrx_word' id='word_1_78' title='bbox 433 2570 677 2624; x_wconf 83' lang='lat' dir='ltr'><em>ABCDHLham.</em></span> <span class='ocrx_word' id='word_1_79' title='bbox 685 2583 729 2640; x_wconf 86' lang='lat' dir='ltr'>pr.</span> <span class='ocrx_word' id='word_1_80' title='bbox 766 2569 934 2625; x_wconf 76' lang='lat' dir='ltr'>monimenta</span> <span class='ocrx_word' id='word_1_81' title='bbox 947 2569 1214 2624; x_wconf 69' lang='lat' dir='ltr'>cotttactmannus</span> <span class='ocrx_word' id='word_1_82' title='bbox 1258 2585 1357 2624; x_wconf 90' lang='lat' dir='ltr'>monu-</span> 
     </span>
     <span class='ocr_line' id='line_1_20' title="bbox 208 2639 1357 2709; baseline -0.001 -14"><span class='ocrx_word' id='word_1_83' title='bbox 208 2647 301 2695; x_wconf 75' lang='lat' dir='ltr'>menta</span> <span class='ocrx_word' id='word_1_84' title='bbox 313 2651 369 2694; x_wconf 88' lang='lat' dir='ltr'>cett.</span> <span class='ocrx_word' id='word_1_85' title='bbox 442 2643 581 2696; x_wconf 55' lang='lat' dir='ltr'>horibiles</span> <span class='ocrx_word' id='word_1_86' title='bbox 597 2639 833 2695; x_wconf 66' lang='lat' dir='ltr'>ABCHLalLa&#39;lV</span> <span class='ocrx_word' id='word_1_87' title='bbox 841 2645 890 2695; x_wconf 84' lang='lat' dir='ltr'>Vm</span> <span class='ocrx_word' id='word_1_88' title='bbox 969 2641 1166 2709; x_wconf 86' lang='lat' dir='ltr'>horribilesque</span> <span class='ocrx_word' id='word_1_89' title='bbox 1180 2641 1357 2694; x_wconf 66' lang='lat' dir='ltr'>Dotoheoe</span> 
     </span>
     <span class='ocr_line' id='line_1_21' title="bbox 208 2711 1356 2782; baseline -0.002 -16"><span class='ocrx_word' id='word_1_90' title='bbox 208 2713 404 2780; x_wconf 74' lang='lat' dir='ltr'>horribilesque</span> <span class='ocrx_word' id='word_1_91' title='bbox 416 2717 445 2766; x_wconf 86' lang='lat' dir='ltr'>et</span> <span class='ocrx_word' id='word_1_92' title='bbox 457 2712 523 2765; x_wconf 88' lang='lat' dir='ltr'>ded.</span> <span class='ocrx_word' id='word_1_93' title='bbox 533 2714 580 2765; x_wconf 81' lang='lat' dir='ltr'>Pr.</span> <span class='ocrx_word' id='word_1_94' title='bbox 592 2713 689 2766; x_wconf 79' lang='lat' dir='ltr'>Statius</span> <span class='ocrx_word' id='word_1_95' title='bbox 751 2712 894 2766; x_wconf 82' lang='lat' dir='ltr'>horribiles</span> <span class='ocrx_word' id='word_1_96' title='bbox 905 2718 934 2766; x_wconf 85' lang='lat' dir='ltr'>et</span> <span class='ocrx_word' id='word_1_97' title='bbox 945 2733 963 2766; x_wconf 88' lang='lat' dir='ltr'><em>a</em></span> <span class='ocrx_word' id='word_1_98' title='bbox 975 2713 1088 2782; x_wconf 81' lang='lat' dir='ltr'>Scaliger</span> <span class='ocrx_word' id='word_1_99' title='bbox 1100 2713 1168 2764; x_wconf 80' lang='lat' dir='ltr'>Voss.</span> <span class='ocrx_word' id='word_1_100' title='bbox 1181 2711 1243 2778; x_wconf 65' lang='lat' dir='ltr'>Sill„</span> <span class='ocrx_word' id='word_1_101' title='bbox 1256 2722 1356 2765; x_wconf 84' lang='lat' dir='ltr'>utrum·</span> 
     </span>
     <span class='ocr_line' id='line_1_22' title="bbox 207 2781 1356 2853; baseline -0.002 -15"><span class='ocrx_word' id='word_1_102' title='bbox 207 2803 260 2853; x_wconf 85' lang='lat' dir='ltr'>que,</span> <span class='ocrx_word' id='word_1_103' title='bbox 285 2795 313 2836; x_wconf 86' lang='lat' dir='ltr'>ut</span> <span class='ocrx_word' id='word_1_104' title='bbox 335 2785 413 2836; x_wconf 82' lang='lat' dir='ltr'>etiam</span> <span class='ocrx_word' id='word_1_105' title='bbox 437 2782 635 2852; x_wconf 87' lang='lat' dir='ltr'>horribilesque</span> <span class='ocrx_word' id='word_1_106' title='bbox 660 2784 695 2848; x_wconf 89' lang='lat' dir='ltr'>in,</span> <span class='ocrx_word' id='word_1_107' title='bbox 719 2783 897 2852; x_wconf 78' lang='lat' dir='ltr'>interpolatum</span> <span class='ocrx_word' id='word_1_108' title='bbox 920 2783 954 2836; x_wconf 83' lang='lat' dir='ltr'>ab</span> <span class='ocrx_word' id='word_1_109' title='bbox 973 2783 1047 2836; x_wconf 66' lang='lat' dir='ltr'>Italus</span> <span class='ocrx_word' id='word_1_110' title='bbox 1072 2781 1184 2836; x_wconf 87' lang='lat' dir='ltr'>horribil</span> <span class='ocrx_word' id='word_1_111' title='bbox 1235 2799 1268 2835; x_wconf 91' lang='lat' dir='ltr'>ue</span> <span class='ocrx_word' id='word_1_112' title='bbox 1293 2783 1356 2836; x_wconf 87' lang='lat' dir='ltr'>ulti-</span> 
     </span>
     <span class='ocr_line' id='line_1_23' title="bbox 208 2853 1356 2926; baseline -0.001 -18"><span class='ocrx_word' id='word_1_113' title='bbox 208 2870 321 2926; x_wconf 87' lang='lat' dir='ltr'>mosque</span> <span class='ocrx_word' id='word_1_114' title='bbox 343 2853 417 2923; x_wconf 83' lang='lat' dir='ltr'>uulgo</span> <span class='ocrx_word' id='word_1_115' title='bbox 436 2864 461 2906; x_wconf 84' lang='lat' dir='ltr'>et</span> <span class='ocrx_word' id='word_1_116' title='bbox 480 2855 587 2908; x_wconf 85' lang='lat' dir='ltr'>Lachm.</span> <span class='ocrx_word' id='word_1_117' title='bbox 658 2854 855 2922; x_wconf 88' lang='lat' dir='ltr'>horribilesque</span> <span class='ocrx_word' id='word_1_118' title='bbox 877 2854 968 2907; x_wconf 78' lang='lat' dir='ltr'>Celtas</span> <span class='ocrx_word' id='word_1_119' title='bbox 989 2853 1156 2907; x_wconf 77' lang='lat' dir='ltr'>Feuebliehius</span> <span class='ocrx_word' id='word_1_120' title='bbox 1246 2853 1356 2907; x_wconf 86' lang='lat' dir='ltr'>orribile</span> 
     </span>
     <span class='ocr_line' id='line_1_24' title="bbox 207 2924 1353 2994; baseline -0.003 -15"><span class='ocrx_word' id='word_1_121' title='bbox 207 2942 311 2994; x_wconf 87' lang='lat' dir='ltr'>aequor</span> <span class='ocrx_word' id='word_1_122' title='bbox 327 2926 452 2994; x_wconf 85' lang='lat' dir='ltr'>Hauptius</span> <span class='ocrx_word' id='word_1_123' title='bbox 469 2924 529 2978; x_wconf 81' lang='lat' dir='ltr'>obs.</span> <span class='ocrx_word' id='word_1_124' title='bbox 549 2927 614 2978; x_wconf 81' lang='lat' dir='ltr'>crte.</span> <span class='ocrx_word' id='word_1_125' title='bbox 625 2937 654 2994; x_wconf 89' lang='lat' dir='ltr'>p.</span> <span class='ocrx_word' id='word_1_126' title='bbox 670 2940 711 2988; x_wconf 77' lang='lat'>27,</span> <span class='ocrx_word' id='word_1_127' title='bbox 728 2925 830 2992; x_wconf 83' lang='lat' dir='ltr'>Heysius</span> <span class='ocrx_word' id='word_1_128' title='bbox 845 2928 877 2978; x_wconf 86' lang='lat' dir='ltr'>L.</span> <span class='ocrx_word' id='word_1_129' title='bbox 890 2925 1026 2978; x_wconf 81' lang='lat' dir='ltr'>Muellerus</span> <span class='ocrx_word' id='word_1_130' title='bbox 1041 2925 1071 2977; x_wconf 85' lang='lat' dir='ltr'>de</span> <span class='ocrx_word' id='word_1_131' title='bbox 1086 2925 1123 2977; x_wconf 90' lang='lat' dir='ltr'>Re</span> <span class='ocrx_word' id='word_1_132' title='bbox 1139 2925 1250 2977; x_wconf 67' lang='lat' dir='ltr'>Mettica</span> <span class='ocrx_word' id='word_1_133' title='bbox 1260 2936 1290 2993; x_wconf 89' lang='lat' dir='ltr'>p.</span> <span class='ocrx_word' id='word_1_134' title='bbox 1306 2929 1353 2978; x_wconf 75' lang='lat'>182</span> 
     </span>
     <span class='ocr_line' id='line_1_25' title="bbox 207 2995 1354 3065; baseline -0.003 -15"><span class='ocrx_word' id='word_1_135' title='bbox 207 2997 365 3050; x_wconf 86' lang='lat' dir='ltr'>horribilem</span> <span class='ocrx_word' id='word_1_136' title='bbox 395 2996 480 3048; x_wconf 85' lang='lat' dir='ltr'>salum</span> <span class='ocrx_word' id='word_1_137' title='bbox 511 2995 545 3049; x_wconf 87' lang='lat' dir='ltr'>H.</span> <span class='ocrx_word' id='word_1_138' title='bbox 568 2997 602 3049; x_wconf 83' lang='lat' dir='ltr'>A.</span> <span class='ocrx_word' id='word_1_139' title='bbox 623 2995 650 3050; x_wconf 85' lang='lat' dir='ltr'>J.</span> <span class='ocrx_word' id='word_1_140' title='bbox 675 2997 770 3050; x_wconf 79' lang='lat' dir='ltr'>Mum</span> <span class='ocrx_word' id='word_1_141' title='bbox 794 2997 821 3049; x_wconf 82' lang='lat' dir='ltr'>iu</span> <span class='ocrx_word' id='word_1_142' title='bbox 845 2997 924 3050; x_wconf 76' lang='lat' dir='ltr'>Dior.</span> <span class='ocrx_word' id='word_1_143' title='bbox 945 2995 1067 3065; x_wconf 80' lang='lat' dir='ltr'>Philotog.</span> <span class='ocrx_word' id='word_1_144' title='bbox 1092 2997 1167 3050; x_wconf 83' lang='lat' dir='ltr'>Cant.</span> <span class='ocrx_word' id='word_1_145' title='bbox 1189 2996 1233 3048; x_wconf 78' lang='lat' dir='ltr'>W.</span> <span class='ocrx_word' id='word_1_146' title='bbox 1252 3007 1281 3064; x_wconf 90' lang='lat' dir='ltr'>p.</span> <span class='ocrx_word' id='word_1_147' title='bbox 1304 3000 1354 3061; x_wconf 77' lang='lat'>²⁸9</span> 
     </span>
     <span class='ocr_line' id='line_1_26' title="bbox 207 3065 1356 3135; baseline -0.002 -15"><span class='ocrx_word' id='word_1_148' title='bbox 207 3067 365 3120; x_wconf 89' lang='lat' dir='ltr'>horribilem</span> <span class='ocrx_word' id='word_1_149' title='bbox 377 3082 463 3135; x_wconf 88' lang='lat' dir='ltr'>usque</span> <span class='ocrx_word' id='word_1_150' title='bbox 475 3066 509 3119; x_wconf 90' lang='lat' dir='ltr'>ad</span> <span class='ocrx_word' id='word_1_151' title='bbox 522 3068 642 3135; x_wconf 66' lang='lat' dir='ltr'>&amp;ningen</span> <span class='ocrx_word' id='word_1_152' title='bbox 730 3065 887 3119; x_wconf 91' lang='lat' dir='ltr'>horribilem</span> <span class='ocrx_word' id='word_1_153' title='bbox 901 3066 1014 3120; x_wconf 82' lang='lat' dir='ltr'>insulam</span> <span class='ocrx_word' id='word_1_154' title='bbox 1025 3085 1077 3135; x_wconf 82' lang='lat' dir='ltr'>ego,</span> <span class='ocrx_word' id='word_1_155' title='bbox 1089 3081 1124 3118; x_wconf 81' lang='lat' dir='ltr'>ex</span> <span class='ocrx_word' id='word_1_156' title='bbox 1142 3065 1269 3118; x_wconf 76' lang='lat' dir='ltr'>horribile</span> <span class='ocrx_word' id='word_1_157' title='bbox 1286 3067 1356 3118; x_wconf 79' lang='lat' dir='ltr'>isuli</span> 
     </span>
     <span class='ocr_line' id='line_1_27' title="bbox 207 3137 1356 3207; baseline -0.001 -16"><span class='ocrx_word' id='word_1_158' title='bbox 207 3139 370 3206; x_wconf 87' lang='lat' dir='ltr'>ultimosque</span> <span class='ocrx_word' id='word_1_159' title='bbox 388 3149 541 3206; x_wconf 76' lang='lat' dir='ltr'>coemptum,</span> <span class='ocrx_word' id='word_1_160' title='bbox 559 3157 634 3206; x_wconf 84' lang='lat' dir='ltr'>quum</span> <span class='ocrx_word' id='word_1_161' title='bbox 650 3138 799 3190; x_wconf 80' lang='lat' dir='ltr'>excidissent</span> <span class='ocrx_word' id='word_1_162' title='bbox 816 3137 915 3192; x_wconf 74' lang='lat' dir='ltr'>litterae</span> <span class='ocrx_word' id='word_1_163' title='bbox 933 3138 976 3190; x_wconf 73' lang='lat' dir='ltr'>uli</span> <span class='ocrx_word' id='word_1_164' title='bbox 989 3148 1094 3207; x_wconf 71' lang='lat' dir='ltr'>propter</span> <span class='ocrx_word' id='word_1_165' title='bbox 1109 3138 1257 3205; x_wconf 80' lang='lat' dir='ltr'>iresequentes</span> <span class='ocrx_word' id='word_1_166' title='bbox 1276 3137 1312 3203; x_wconf 91' lang='lat' dir='ltr'>ul,</span> <span class='ocrx_word' id='word_1_167' title='bbox 1327 3147 1356 3190; x_wconf 85' lang='lat' dir='ltr'>ut</span> 
     </span>
     <span class='ocr_line' id='line_1_28' title="bbox 205 3208 511 3278; baseline -0.003 -16"><span class='ocrx_word' id='word_1_168' title='bbox 205 3218 341 3278; x_wconf 78' lang='lat' dir='ltr'>superesset</span> <span class='ocrx_word' id='word_1_169' title='bbox 352 3208 511 3262; x_wconf 87' lang='lat' dir='ltr'>horribileis.</span> 
     </span>
    </p>

    <p class='ocr_par' dir='ltr' id='par_1_8' title="bbox 206 3275 1356 3474">
     <span class='ocr_line' id='line_1_29' title="bbox 246 3275 1356 3347; baseline 0.005 -23"><span class='ocrx_word' id='word_1_170' title='bbox 246 3297 286 3333; x_wconf 76' lang='grc' dir='ltr'>η,</span> <span class='ocrx_word' id='word_1_171' title='bbox 324 3277 795 3343; x_wconf 69' lang='lat' dir='ltr'>1nos‹pre----b1·itmnoso</span> <span class='ocrx_word' id='word_1_172' title='bbox 815 3281 894 3332; x_wconf 86' lang='lat' dir='ltr'>etsie</span> <span class='ocrx_word' id='word_1_173' title='bbox 917 3279 963 3332; x_wconf 89' lang='lat' dir='ltr'>sed</span> <span class='ocrx_word' id='word_1_174' title='bbox 978 3281 1032 3332; x_wconf 82' lang='lat' dir='ltr'>sine</span> <span class='ocrx_word' id='word_1_175' title='bbox 1054 3279 1135 3347; x_wconf 81' lang='lat' dir='ltr'>spatio</span> <span class='ocrx_word' id='word_1_176' title='bbox 1152 3278 1194 3331; x_wconf 83' lang='lat' dir='ltr'>Oh</span> <span class='ocrx_word' id='word_1_177' title='bbox 1252 3279 1283 3331; x_wconf 81' lang='lat' dir='ltr'>ln</span> <span class='ocrx_word' id='word_1_178' title='bbox 1301 3275 1356 3330; x_wconf 65' lang='grc' dir='ltr'>ΒΕ)</span> 
     </span>
     <span class='ocr_line' id='line_1_30' title="bbox 206 3345 1355 3420; baseline -0.003 -16"><span class='ocrx_word' id='word_1_179' title='bbox 206 3349 349 3404; x_wconf 87' lang='lat' dir='ltr'>horribiles</span> <span class='ocrx_word' id='word_1_180' title='bbox 367 3349 463 3403; x_wconf 86' lang='lat' dir='ltr'>claudit</span> <span class='ocrx_word' id='word_1_181' title='bbox 474 3369 499 3404; x_wconf 86' lang='lat' dir='ltr'>u.</span> <span class='ocrx_word' id='word_1_182' title='bbox 512 3366 559 3417; x_wconf 77' lang='lat'>113</span> <span class='ocrx_word' id='word_1_183' title='bbox 578 3369 602 3404; x_wconf 89' lang='lat' dir='ltr'>u.</span> <span class='ocrx_word' id='word_1_184' title='bbox 616 3367 645 3402; x_wconf 87' lang='lat'>12</span> <span class='ocrx_word' id='word_1_185' title='bbox 659 3351 746 3420; x_wconf 81' lang='lat' dir='ltr'>incipit</span> <span class='ocrx_word' id='word_1_186' title='bbox 756 3349 791 3403; x_wconf 86' lang='lat' dir='ltr'>ab</span> <span class='ocrx_word' id='word_1_187' title='bbox 802 3351 966 3419; x_wconf 90' lang='lat' dir='ltr'>ultimosque</span> <span class='ocrx_word' id='word_1_188' title='bbox 1045 3345 1225 3402; x_wconf 69' lang='lat' dir='ltr'>britaneostt</span> <span class='ocrx_word' id='word_1_189' title='bbox 1298 3348 1355 3401; x_wconf 88' lang='lat' dir='ltr'>bri·</span> 
     </span>
     <span class='ocr_line' id='line_1_31' title="bbox 206 3427 323 3474; baseline 0 0"><span class='ocrx_word' id='word_1_190' title='bbox 206 3427 285 3474; x_wconf 89' lang='lat' dir='ltr'>tanos</span> <span class='ocrx_word' id='word_1_191' title='bbox 297 3441 323 3474; x_wconf 87' lang='lat' dir='ltr'>a.</span> 
     </span>
    </p>

    <p class='ocr_par' dir='ltr' id='par_1_9' title="bbox 203 3489 1364 3617">
     <span class='ocr_line' id='line_1_32' title="bbox 245 3489 1364 3560; baseline 0 -16"><span class='ocrx_word' id='word_1_192' title='bbox 245 3509 286 3558; x_wconf 84' lang='lat'>13.</span> <span class='ocrx_word' id='word_1_193' title='bbox 322 3489 394 3544; x_wconf 81' lang='lat' dir='ltr'>feret</span> <span class='ocrx_word' id='word_1_194' title='bbox 406 3489 553 3545; x_wconf 63' lang='lat' dir='ltr'>bdffled.</span> <span class='ocrx_word' id='word_1_195' title='bbox 566 3494 613 3546; x_wconf 88' lang='lat' dir='ltr'>Pr.</span> <span class='ocrx_word' id='word_1_196' title='bbox 624 3510 657 3543; x_wconf 82' lang='lat' dir='ltr'>ex</span> <span class='ocrx_word' id='word_1_197' title='bbox 668 3491 855 3560; x_wconf 80' lang='lat' dir='ltr'>interpolatione</span> <span class='ocrx_word' id='word_1_198' title='bbox 867 3491 992 3545; x_wconf 85' lang='lat' dir='ltr'>Italorum</span> <span class='ocrx_word' id='word_1_199' title='bbox 1064 3489 1137 3544; x_wconf 77' lang='lat' dir='ltr'>ferre</span> <span class='ocrx_word' id='word_1_200' title='bbox 1150 3491 1222 3542; x_wconf 84' lang='lat' dir='ltr'>DHh</span> <span class='ocrx_word' id='word_1_201' title='bbox 1309 3495 1364 3544; x_wconf 68' lang='lat' dir='ltr'>rer-,¹</span> 
     </span>
     <span class='ocr_line' id='line_1_33' title="bbox 203 3573 260 3617; baseline 0.018 -1"><span class='ocrx_word' id='word_1_202' title='bbox 203 3573 260 3617; x_wconf 82' lang='lat' dir='ltr'>cett.</span> 
     </span>
    </p>

    <p class='ocr_par' dir='ltr' id='par_1_10' title="bbox 243 3630 1354 3702">
     <span class='ocr_line' id='line_1_34' title="bbox 243 3630 1354 3702; baseline 0.005 -23"><span class='ocrx_word' id='word_1_203' title='bbox 243 3651 283 3700; x_wconf 82' lang='lat'>¹4·</span> <span class='ocrx_word' id='word_1_204' title='bbox 322 3635 427 3680; x_wconf 78' lang='lat' dir='ltr'>tentare</span> <span class='ocrx_word' id='word_1_205' title='bbox 439 3633 529 3686; x_wconf 83' lang='lat' dir='ltr'>codices</span> <span class='ocrx_word' id='word_1_206' title='bbox 542 3639 677 3700; x_wconf 78' lang='lat' dir='ltr'>temptare</span> <span class='ocrx_word' id='word_1_207' title='bbox 690 3633 869 3686; x_wconf 79' lang='lat' dir='ltr'>Lachmannus</span> <span class='ocrx_word' id='word_1_208' title='bbox 956 3632 1027 3686; x_wconf 83' lang='lat' dir='ltr'>feret</span> <span class='ocrx_word' id='word_1_209' title='bbox 1035 3645 1084 3702; x_wconf 84' lang='lat' dir='ltr'>pro</span> <span class='ocrx_word' id='word_1_210' title='bbox 1096 3631 1200 3684; x_wconf 83' lang='lat' dir='ltr'>simule</span> <span class='ocrx_word' id='word_1_211' title='bbox 1257 3630 1354 3684; x_wconf 78' lang='lat' dir='ltr'>terea.</span> 
     </span>
    </p>

    <p class='ocr_par' dir='ltr' id='par_1_11' title="bbox 242 3701 1354 3774">
     <span class='ocr_line' id='line_1_35' title="bbox 242 3701 1354 3774; baseline -0.001 -17"><span class='ocrx_word' id='word_1_212' title='bbox 242 3721 283 3770; x_wconf 74' lang='grc' dir='ltr'>ις.</span> <span class='ocrx_word' id='word_1_213' title='bbox 319 3703 443 3771; x_wconf 75' lang='lat' dir='ltr'>nuptisre</span> <span class='ocrx_word' id='word_1_214' title='bbox 457 3707 484 3757; x_wconf 85' lang='lat' dir='ltr'><em>V</em></span> <span class='ocrx_word' id='word_1_215' title='bbox 548 3703 673 3756; x_wconf 89' lang='lat' dir='ltr'>nuntiare</span> <span class='ocrx_word' id='word_1_216' title='bbox 686 3704 741 3756; x_wconf 88' lang='lat' dir='ltr'>Ha</span> <span class='ocrx_word' id='word_1_217' title='bbox 753 3723 788 3757; x_wconf 88' lang='lat' dir='ltr'>m.</span> <span class='ocrx_word' id='word_1_218' title='bbox 795 3715 840 3774; x_wconf 89' lang='lat' dir='ltr'>pr.</span> <span class='ocrx_word' id='word_1_219' title='bbox 911 3704 1053 3757; x_wconf 81' lang='lat' dir='ltr'>nuntiante</span> <span class='ocrx_word' id='word_1_220' title='bbox 1069 3703 1100 3755; x_wconf 57' lang='grc' dir='ltr'>Εἰ</span> <span class='ocrx_word' id='word_1_221' title='bbox 1170 3701 1298 3756; x_wconf 88' lang='lat' dir='ltr'>nunciate</span> <span class='ocrx_word' id='word_1_222' title='bbox 1309 3703 1354 3756; x_wconf 84' lang='lat' dir='ltr'>ab.</span> 
     </span>
    </p>

    <p class='ocr_par' dir='ltr' id='par_1_12' title="bbox 241 3775 428 3829">
     <span class='ocr_line' id='line_1_36' title="bbox 241 3775 428 3829; baseline 0.005 -2"><span class='ocrx_word' id='word_1_223' title='bbox 241 3779 281 3829; x_wconf 82' lang='lat'>1⁶.</span> <span class='ocrx_word' id='word_1_224' title='bbox 317 3775 378 3828; x_wconf 89' lang='lat' dir='ltr'>dica</span> <span class='ocrx_word' id='word_1_225' title='bbox 390 3775 428 3828; x_wconf 66' lang='lat' dir='ltr'>hl.</span> 
     </span>
    </p>

    <p class='ocr_par' dir='ltr' id='par_1_13' title="bbox 241 3845 703 3909">
     <span class='ocr_line' id='line_1_37' title="bbox 241 3845 703 3909; baseline 0 -11"><span class='ocrx_word' id='word_1_226' title='bbox 241 3862 281 3909; x_wconf 87' lang='lat'>17.</span> <span class='ocrx_word' id='word_1_227' title='bbox 318 3845 467 3898; x_wconf 85' lang='lat' dir='ltr'>maechisb</span> <span class='ocrx_word' id='word_1_228' title='bbox 536 3845 639 3898; x_wconf 91' lang='lat' dir='ltr'>mechis</span> <span class='ocrx_word' id='word_1_229' title='bbox 650 3845 703 3898; x_wconf 78' lang='lat' dir='ltr'>all.</span> 
     </span>
    </p>

    <p class='ocr_par' dir='ltr' id='par_1_14' title="bbox 241 3917 590 3984">
     <span class='ocr_line' id='line_1_38' title="bbox 241 3917 590 3984; baseline 0.003 -15"><span class='ocrx_word' id='word_1_230' title='bbox 241 3922 281 3970; x_wconf 90' lang='lat'>18.</span> <span class='ocrx_word' id='word_1_231' title='bbox 318 3922 394 3968; x_wconf 89' lang='lat' dir='ltr'>tenet</span> <span class='ocrx_word' id='word_1_232' title='bbox 407 3917 549 3984; x_wconf 80' lang='lat' dir='ltr'>complexa</span> <span class='ocrx_word' id='word_1_233' title='bbox 562 3919 590 3970; x_wconf 86' lang='lat' dir='ltr'>V.</span> 
     </span>
    </p>

    <p class='ocr_par' dir='ltr' id='par_1_15' title="bbox 240 3987 509 4054">
     <span class='ocr_line' id='line_1_39' title="bbox 240 3987 509 4054; baseline 0.004 -15"><span class='ocrx_word' id='word_1_234' title='bbox 240 4003 280 4054; x_wconf 87' lang='lat'>¹9·</span> <span class='ocrx_word' id='word_1_235' title='bbox 318 3987 459 4040; x_wconf 89' lang='lat' dir='ltr'>itentidem</span> <span class='ocrx_word' id='word_1_236' title='bbox 474 3989 509 4040; x_wconf 84' lang='lat' dir='ltr'>A.</span> 
     </span>
    </p>

    <p class='ocr_par' dir='ltr' id='par_1_16' title="bbox 238 4057 432 4112">
     <span class='ocr_line' id='line_1_40' title="bbox 238 4057 432 4112; baseline 0.005 -3"><span class='ocrx_word' id='word_1_237' title='bbox 238 4074 280 4112; x_wconf 64' lang='grc' dir='ltr'>πο.</span> <span class='ocrx_word' id='word_1_238' title='bbox 319 4057 432 4111; x_wconf 82' lang='lat' dir='ltr'>llliaah.</span> 
     </span>
    </p>

    <p class='ocr_par' dir='ltr' id='par_1_17' title="bbox 237 4125 1129 4196">
     <span class='ocr_line' id='line_1_41' title="bbox 237 4125 1129 4196; baseline 0 -16"><span class='ocrx_word' id='word_1_239' title='bbox 237 4145 280 4182; x_wconf 83' lang='lat' dir='ltr'>er.</span> <span class='ocrx_word' id='word_1_240' title='bbox 316 4143 425 4181; x_wconf 89' lang='lat' dir='ltr'>mecum</span> <span class='ocrx_word' id='word_1_241' title='bbox 439 4125 490 4180; x_wconf 62' lang='lat' dir='ltr'>Chi</span> <span class='ocrx_word' id='word_1_242' title='bbox 560 4125 725 4196; x_wconf 78' lang='lat' dir='ltr'>respeterh²</span> <span class='ocrx_word' id='word_1_243' title='bbox 795 4133 900 4196; x_wconf 87' lang='lat' dir='ltr'>spectet</span> <span class='ocrx_word' id='word_1_244' title='bbox 914 4126 989 4180; x_wconf 90' lang='lat' dir='ltr'>uelut</span> <span class='ocrx_word' id='word_1_245' title='bbox 1000 4128 1038 4181; x_wconf 87' lang='lat' dir='ltr'>ed.</span> <span class='ocrx_word' id='word_1_246' title='bbox 1053 4143 1129 4193; x_wconf 82' lang='lat'>1473·</span> 
     </span>
    </p>

    <p class='ocr_par' dir='ltr' id='par_1_18' title="bbox 199 4195 1353 4338">
     <span class='ocr_line' id='line_1_42' title="bbox 238 4195 1353 4253; baseline -0.003 -2"><span class='ocrx_word' id='word_1_247' title='bbox 238 4217 280 4252; x_wconf 70' lang='grc' dir='ltr'>υ,</span> <span class='ocrx_word' id='word_1_248' title='bbox 321 4196 639 4252; x_wconf 54' lang='lat' dir='ltr'>«summarorium</span> <span class='ocrx_word' id='word_1_249' title='bbox 709 4201 803 4252; x_wconf 84' lang='lat' dir='ltr'>cumb</span> <span class='ocrx_word' id='word_1_250' title='bbox 873 4215 940 4253; x_wconf 87' lang='lat' dir='ltr'>cura</span> <span class='ocrx_word' id='word_1_251' title='bbox 953 4199 1004 4252; x_wconf 85' lang='lat' dir='ltr'>AC</span> <span class='ocrx_word' id='word_1_252' title='bbox 1059 4197 1205 4252; x_wconf 88' lang='lat' dir='ltr'>credidita</span> <span class='ocrx_word' id='word_1_253' title='bbox 1270 4195 1353 4251; x_wconf 88' lang='lat' dir='ltr'>uelud</span> 
     </span>
     <span class='ocr_line' id='line_1_43' title="bbox 199 4267 519 4338; baseline 0 -15"><span class='ocrx_word' id='word_1_254' title='bbox 199 4269 285 4338; x_wconf 85' lang='lat' dir='ltr'>parati</span> <span class='ocrx_word' id='word_1_255' title='bbox 297 4267 328 4322; x_wconf 66' lang='lat' dir='ltr'>b²</span> <span class='ocrx_word' id='word_1_256' title='bbox 398 4269 472 4337; x_wconf 89' lang='lat' dir='ltr'>praei</span> <span class='ocrx_word' id='word_1_257' title='bbox 485 4271 519 4323; x_wconf 87' lang='lat' dir='ltr'>H.</span> 
     </span>
    </p>

    <p class='ocr_par' dir='ltr' id='par_1_19' title="bbox 201 4339 1353 4481">
     <span class='ocr_line' id='line_1_44' title="bbox 238 4339 1353 4406; baseline -0.003 -13"><span class='ocrx_word' id='word_1_258' title='bbox 238 4358 280 4406; x_wconf 81' lang='lat'>²3·</span> <span class='ocrx_word' id='word_1_259' title='bbox 316 4341 511 4395; x_wconf 83' lang='lat' dir='ltr'>Vltimushed.</span> <span class='ocrx_word' id='word_1_260' title='bbox 525 4356 600 4406; x_wconf 81' lang='lat'>1473,</span> <span class='ocrx_word' id='word_1_261' title='bbox 615 4342 730 4394; x_wconf 85' lang='lat' dir='ltr'>Muretus</span> <span class='ocrx_word' id='word_1_262' title='bbox 809 4357 938 4406; x_wconf 60' lang='lat' dir='ltr'>posquam</span> <span class='ocrx_word' id='word_1_263' title='bbox 963 4339 1178 4394; x_wconf 83' lang='lat' dir='ltr'>DRossbaehius.</span> <span class='ocrx_word' id='word_1_264' title='bbox 1211 4339 1270 4392; x_wconf 77' lang='lat' dir='ltr'>Vide</span> <span class='ocrx_word' id='word_1_265' title='bbox 1281 4339 1353 4392; x_wconf 85' lang='lat' dir='ltr'>Rite·</span> 
     </span>
     <span class='ocr_line' id='line_1_45' title="bbox 201 4411 827 4481; baseline 0 -17"><span class='ocrx_word' id='word_1_266' title='bbox 201 4411 306 4466; x_wconf 81' lang='lat' dir='ltr'>chelium</span> <span class='ocrx_word' id='word_1_267' title='bbox 319 4415 344 4466; x_wconf 85' lang='lat' dir='ltr'>in</span> <span class='ocrx_word' id='word_1_268' title='bbox 357 4414 427 4465; x_wconf 87' lang='lat' dir='ltr'>Mus.</span> <span class='ocrx_word' id='word_1_269' title='bbox 440 4413 519 4466; x_wconf 82' lang='lat' dir='ltr'>erm.</span> <span class='ocrx_word' id='word_1_270' title='bbox 536 4417 611 4478; x_wconf 81' lang='lat'>1850,</span> <span class='ocrx_word' id='word_1_271' title='bbox 620 4425 663 4481; x_wconf 89' lang='lat' dir='ltr'>pp.</span> <span class='ocrx_word' id='word_1_272' title='bbox 679 4415 827 4477; x_wconf 83' lang='lat'><strong>568-576.</strong></span> 
     </span>
    </p>

    <p class='ocr_par' dir='ltr' id='par_1_20' title="bbox 238 4481 840 4549">
     <span class='ocr_line' id='line_1_46' title="bbox 238 4481 840 4549; baseline 0.002 -14"><span class='ocrx_word' id='word_1_273' title='bbox 238 4500 279 4549; x_wconf 85' lang='lat'>²4·</span> <span class='ocrx_word' id='word_1_274' title='bbox 317 4481 477 4536; x_wconf 72' lang='lat' dir='ltr'>Tractush&#39;</span> <span class='ocrx_word' id='word_1_275' title='bbox 551 4483 692 4537; x_wconf 84' lang='lat' dir='ltr'>Fractusa</span> <span class='ocrx_word' id='word_1_276' title='bbox 706 4485 773 4536; x_wconf 85' lang='lat' dir='ltr'>Voss.</span> <span class='ocrx_word' id='word_1_277' title='bbox 787 4483 840 4536; x_wconf 81' lang='lat' dir='ltr'>Stlt.</span> 
     </span>
    </p>
   </div>
   <div class='ocr_carea' id='block_1_5' title="bbox 0 0 1552 5052">
    <p class='ocr_par' dir='ltr' id='par_1_21' title="bbox 0 0 1552 5052">
     <span class='ocr_line' id='line_1_47' title="bbox 0 0 1552 5052; baseline 0 2"><span class='ocrx_word' id='word_1_278' title='bbox 0 0 1552 5052; x_wconf 95' lang='lat' dir='ltr'> </span> 
     </span>
    </p>
   </div>
  </div>
 </body>
</html>
