3074 5066
506 397 734 458 CARMINVM
763 399 953 460 CATVLLI.
1241 401 1299 458 2⁷5

150 580 311 659 excipiunt,
326 581 405 642 idem
423 581 555 642 emedio
575 599 669 659 usque
689 583 728 643 ad
749 581 838 642 tinem
860 581 996 642 carminis
1015 582 1068 641 sed
1089 581 1221 640 diuersus
1241 595 1302 638 ser·

151 689 246 738 natan.
288 678 367 738 Nam
381 678 440 740 hoc
453 681 546 740 modo
560 697 606 740 res
620 697 652 740 se
665 680 822 757 excipiunt

193 777 441 838 Allius-Catulli
461 775 1187 840 amor—Lesbia-Laudamia-Troia-Catulli
1208 775 1302 838 fratris

151 875 606 936 mors—Troia-—Laudamia-
612 875 865 938 Lesbia-Catulli
880 876 1105 936 amor-Allius.

194 997 553 1082 Sedinterbullrtal

315 1123 356 1180 At
370 1123 438 1200 quia
451 1141 507 1181 nec
522 1122 596 1181 diuis
610 1123 745 1182 homines
759 1123 932 1198 componier
945 1139 1071 1199 aequum
1085 1131 1139 1191 est,

356 1220 507 1296 Ingratum
523 1221 636 1279 tremuli
650 1221 719 1278 tolle
732 1221 862 1297 parentis
876 1238 960 1282 onus.

151 1369 214 1410 non
229 1368 324 1427 pauca
338 1351 517 1410 intercidisse
531 1361 598 1428 post
611 1350 836 1411 Lachmannum
847 1351 1069 1429 Hauptiumque
1083 1369 1137 1427 pro
1151 1349 1301 1434 explorato

150 1449 258 1509 habeo.
293 1448 393 1508 ‘Dixit
407 1459 493 1508 antea
506 1448 650 1509 Catullus'
664 1459 730 1509 utor
743 1450 841 1510 uerbis
855 1447 994 1527 Hauptii¹
1008 1449 1140 1526 ‘puellae
1154 1465 1224 1508 suae
1237 1447 1303 1506 iali-

151 1550 160 1580 ‘
176 1547 325 1606 delitatem
338 1547 481 1623 patienter
501 1565 565 1606 sese
580 1547 704 1606 latonam
714 1563 789 1619 esse,
810 1565 880 1606 nam
901 1549 996 1624 ipsam
1016 1547 1149 1606 Deorum
1169 1546 1303 1622 reginam

152 1650 160 1676 ‘
176 1644 323 1704 Iunonem
337 1644 477 1704 adulteria
487 1643 568 1704 Iouis
581 1645 737 1704 toleranter
746 1645 820 1704 serre
828 1646 960 1724 iramque
970 1662 1164 1722 concoquere.
1185 1639 1303 1703 Deinde

151 1747 160 1774 ⁴
174 1747 181 1774 ‘
195 1743 263 1817 quta
276 1760 324 1800 nec
336 1742 411 1800 Aust
423 1741 545 1800 meires
558 1745 710 1817 componier
722 1760 837 1818 aequam
851 1741 906 1800 est'
925 1759 963 1802 eo
977 1743 1192 1818 digressionum
1205 1739 1303 1800 studio

152 1844 238 1915 ‘quo
259 1849 353 1898 totum
366 1838 424 1899 hoc
443 1857 562 1899 cmmen
583 1839 698 1900 excellit
716 1839 794 1899 aliud
813 1841 990 1916 exemplum,
1004 1840 1090 1900 aliam
1104 1838 1302 1898 narrationem

151 1944 161 1970 ‘
176 1939 331 2017 protulisse
344 1939 475 1998 uidetur!
511 1937 556 1998 Fa
570 1939 713 2015 digressio
726 1940 820 2017 qualis
834 1939 919 1999 luerit
939 1958 976 1998 ex
991 1937 1077 2018 (14²)
1092 1940 1195 1998 elicere
1209 1933 1302 2016 quanss

151 2053 243 2112 quam
264 2035 433 2095 audentiore
453 2037 621 2096 coniectura
635 2047 759 2096 conatus
780 2055 854 2096 sum.
896 2037 995 2109 Quem
1013 2054 1131 2096 uersum
1152 2037 1176 2096 si
1197 2055 1249 2113 per
1269 2055 1302 2096 se

151 2143 304 2210 sumptum
325 2135 415 2210 legas,
436 2134 487 2192 uix
509 2134 611 2194 dubito
632 2135 703 2212 quin
721 2135 760 2196 ita
782 2133 870 2194 fueris
889 2135 1134 2212 interpretaturus,
1157 2134 1304 2196 ‘Subleua

152 2236 161 2264 ⁴
177 2248 279 2290 senem
300 2241 421 2307 patrem,
435 2231 571 2307 quamuis
587 2231 734 2306 ingratum
752 2247 829 2289 onus
846 2229 974 2290 futurum
995 2229 1175 2290 subleuanti'
1228 2229 1304 2289 Tolle

152 2329 235 2388 enim
256 2328 327 2407 quid
347 2328 417 2387 uelit
437 2347 474 2387 ex
493 2329 593 2388 addito
607 2347 675 2386 onus
692 2324 876 2389 declaratur².
917 2327 964 2387 De
978 2346 1038 2406 quo
1053 2339 1150 2387 autem
1171 2329 1212 2387 sic
1231 2328 1303 2388 dixit

152 2425 308 2486 Catullus?
350 2425 425 2485 Puto
450 2426 487 2484 de
508 2425 638 2485 Anchisa
661 2444 750 2502 quem
778 2425 852 2485 filius
872 2428 993 2484 Aeneus
1017 2428 1124 2485 umeris
1149 2425 1302 2486 susnderit.

153 2523 265 2583 Pariter
280 2523 352 2583 dixit
365 2521 510 2599 Vergilius
523 2523 554 2581 in
567 2522 642 2581 Aen.
659 2522 698 2581 11.

319 2667 389 2727 Non
403 2668 483 2744 prius
496 2668 619 2743 aspicies
633 2667 683 2726 ubi
697 2665 806 2736 sessum
820 2677 914 2727 aetate
929 2678 1081 2744 parentem

318 2765 449 2844 Liqueris
464 2765 634 2826 Anchisen?
655 2775 772 2843 superet
786 2766 933 2824 coniuxne
948 2765 1060 2826 Creusa

319 2863 521 2940 Ascaniusque
535 2865 626 2940 puer?

581 2977 705 3053 genitor,
720 2994 810 3054 quem
823 2973 917 3034 tollere
930 2977 964 3050 in¹
974 2975 1047 3036 altos

318 3073 466 3150 Optabam
480 3073 607 3150 primum
621 3083 747 3144 montes,
762 3074 946 3150 primumque
960 3075 1106 3150 petebam,

317 3171 454 3247 Abnegat
467 3171 565 3231 excisa
578 3172 669 3230 uitam
684 3173 846 3248 producere
860 3170 960 3243 Troia,

317 3267 503 3344 Exsiliumque
517 3268 586 3344 pati.
628 3268 693 3327 Vos
706 3287 735 3340 o,
750 3269 856 3346 quibus
870 3269 982 3344 integer
996 3269 1061 3328 aeui

318 3365 452 3444 Sanguis,
467 3366 515 3437 ait,
530 3367 699 3443 solidaeque
713 3384 768 3428 suo
783 3377 860 3427 stant
874 3368 981 3428 robore
994 3368 1079 3438 uires,

319 3461 382 3522 Vos
396 3465 504 3540 agitate
519 3463 629 3540 fugam.

319 3576 512 3654 Iampridem
525 3577 635 3638 inuisus
649 3577 733 3638 Dinis
747 3587 776 3638 et
790 3579 899 3637 tituttlt's
913 3595 1007 3636 annos

319 3675 474 3734 Demoror.

188 3828 197 3859 ¹
214 3829 301 3890 Haupt.
313 3830 409 3890 Qraest.
421 3829 505 3877 Catuli.
519 3845 541 3890 p.
550 3841 591 3892 41,

188 3909 199 3940 ¹
215 3912 319 3972 Plerique
336 3913 368 3958 sic
385 3913 562 3974 interpretantur
573 3913 645 3959 Aufer
655 3920 752 3972 patrem,
764 3926 816 3959 mun
829 3911 876 3958 iarn
893 3927 963 3959 senex
978 3919 1002 3958 et
1019 3910 1082 3958 oneri
1099 3911 1143 3968 sit;
1160 3924 1203 3957 nec
1220 3907 1306 3960 infitior

154 3993 256 4054 potuine
271 3993 343 4041 fflam
359 3993 420 4040 hunc
436 4007 526 4041 sensum
542 3994 621 4049 latere,
638 3993 832 4054 quemadmodum
849 3994 907 4041 dixit
923 3995 996 4041 Varro
1006 3993 1124 4058 Sexagessi
1143 3992 1170 4040 sr.
1182 3992 1225 4038 Vll
1237 3991 1306 4041 Riese

155 4075 226 4124 Nm
242 4074 396 4137 μἰρωηω
413 4075 489 4122 &eon
504 4089 619 4122 mmm
636 4083 702 4122 nona
718 4089 764 4122 non
780 4076 848 4122 mo
865 4077 942 4136 uasat
957 4075 1244 4132 adtollitmisiuenenol
1278 4075 1306 4124 ln

156 4156 239 4220 quibus
255 4156 354 4204 allusisse
370 4157 461 4204 uidetur
476 4159 576 4205 Aeneae.
616 4157 771 4205 Praecesserat
791 4157 876 4220 aliquid
895 4157 1041 4207 huiusmodi:
1064 4158 1205 4220 ‘Qrondam
1217 4159 1308 4207 Aeneas

157 4245 264 4298 ‘patrem
276 4252 342 4284 suum
354 4239 438 4286 umeris
450 4239 554 4293 snsmlitt
572 4253 633 4285 nunc
645 4240 695 4300 quis
711 4247 746 4286 est
763 4239 800 4285 uel
811 4239 890 4286 decem
908 4255 1020 4288 annorum
1031 4255 1087 4302 puer
1098 4241 1136 4301 qui
1153 4256 1200 4288 non
1216 4249 1307 4300 patrem

158 4320 297 4366 ‘suum-sed
313 4321 561 4368 ueneno-sustulerint
587 4321 648 4368 Bene
660 4321 751 4368 Riesius
762 4330 872 4382 conparat
884 4323 1026 4385 epigramma
1038 4323 1062 4368 in
1073 4323 1189 4370 Neronem
1202 4323 1306 4386 (Sueton.

157 4400 213 4449 Ner.
225 4399 269 4464 39)
288 4401 345 4465 Qn's
361 4410 428 4466 neget
438 4403 529 4450 Aeneae
546 4415 634 4466 magno
650 4402 679 4449 de
695 4401 763 4462 stirpe
774 4401 908 4451 Netum?
930 4403 1028 4451 Sustulit
1043 4404 1080 4451 bic
1097 4414 1200 4460 monem,
1217 4403 1306 4450 sumtu

157 4483 197 4531 tlte
210 4491 311 4545 patrem

680 4579 703 4623 N
717 4579 737 4622 n
753 4582 771 4630 2
