3118 5054
207 1265 325 1330 Versus
345 1264 479 1328 Domini
502 1265 700 1329 Beneuenuti
724 1265 764 1328 de
785 1265 1003 1350 Campexanis
1025 1267 1065 1331 de
1086 1267 1240 1334 Viceneia
1263 1268 1302 1331 de

162 1381 397 1442 ressurectione
412 1377 536 1444 Catulli
552 1388 664 1463 poetae
681 1377 884 1444 Veronensis.

298 1632 349 1696 Ad
371 1635 509 1718 patriam
531 1635 628 1697 uenio
649 1635 754 1717 longis
775 1653 795 1698 a
816 1635 932 1700 finibus
951 1637 1036 1722 exui,

338 1743 446 1810 Causa
468 1747 532 1809 mei
554 1745 675 1810 reditus
696 1749 907 1830 compatriota
928 1747 1000 1812 fuit.

294 1858 424 1923 Scilicet
446 1878 467 1921 a
487 1859 619 1922 calamis
640 1860 753 1922 tribuit
775 1861 827 1923 cui
850 1859 984 1925 Francia
1006 1881 1142 1945 nomen3

339 1969 468 2056 Qique
490 1979 581 2034 notat
603 1971 713 2034 turbae
734 1975 966 2055 praetereuntis
988 1973 1060 2036 iter.

294 2082 370 2170 Q)
391 2083 469 2146 licet
491 2084 623 2166 ingenio
644 2091 784 2146 uestrum
805 2085 963 2149 celebrate
985 2083 1163 2171 Catullum,
1287 2115 1301 2163 5

338 2195 463 2284 Qoius
484 2197 541 2260 sub
562 2196 672 2260 modio
692 2197 801 2261 clausa
821 2217 954 2283 papyrus
976 2206 1053 2261 erat.

201 2458 244 2510 De
260 2457 306 2508 hoc
350 2459 361 2509 i
391 2467 505 2510 ommate
521 2457 577 2510 dixi
593 2459 619 2510 in
633 2457 824 2527 Prolegornenr's‚
836 2459 997 2528 mxii-xv.
1031 2458 1116 2510 Extat
1131 2459 1158 2510 in
1166 2456 1222 2527 fine
1238 2455 1302 2510 Ger·

166 2529 303 2592 mancosis,
373 2529 384 2580 i
406 2527 525 2596 praqioa
554 2537 612 2581 sont
641 2528 718 2582 rerba
745 2527 1072 2598 Versus-Veronensis)
1096 2527 1303 2596 iianrborgmsis,

165 2595 318 2652 Harieiaoril
337 2597 384 2668 (b)
404 2609 429 2650 et
448 2600 499 2651 eius
519 2617 589 2666 quern
610 2602 636 2651 in
660 2599 708 2651 bac
730 2600 835 2652 editione
858 2601 945 2652 uocaui
968 2618 998 2665 c,·
1020 2599 1112 2652 babent
1133 2599 1163 2651 id
1183 2601 1210 2652 in
1233 2600 1304 2650 initio

164 2671 336 2735 Bononiamis,
354 2667 562 2736 Laurentinum,
579 2671 715 2723 Vaticano
727 2668 870 2739 (stow),
888 2669 936 2722 duo
952 2671 1042 2722 codices
1059 2671 1143 2723 Musei
1159 2670 1303 2722 Britannici

165 2739 208 2810 (a,
220 2739 261 2809 b),
279 2751 330 2792 tres
348 2741 463 2792 Parisini
475 2739 568 2848 imam
582 2744 660 2806 8233,
673 2739 767 2822 7990).
803 2743 834 2794 In
851 2742 878 2793 V
887 2741 979 2794 dicitur
996 2739 1169 2809 Epitaphium
1188 2739 1302 2804 Catulli;

164 2813 193 2864 in
215 2812 336 2864 Parisino
357 2815 425 2876 7989
441 2809 507 2881 (P)
528 2810 628 2864 Versus
651 2811 749 2864 Catulli
773 2810 968 2878 prohemium
997 2813 1130 2864 Parisinus
1153 2827 1222 2876 7990
1235 2807 1301 2878 (Pi)

166 2883 242 2934 editio
266 2881 355 2934 habita
376 2883 498 2934 Parisino
521 2900 586 2935 saec.
604 2883 661 2935 XV
674 2893 699 2934 et
721 2883 795 2934 editio
818 2884 936 2952 Princeps
961 2898 1025 2947 147²
1044 2883 1188 2951 praefixum
1212 2881 1304 2933 babent

168 2952 339 3006 Hesticbum
363 2951 475 3005 Guarini
499 2952 664 3006 Veronensis
687 2953 811 3007 Oratoris
838 2952 976 3006 clarissimi
1003 2953 1031 3006 in
1059 2952 1178 3006 libellum
1202 2951 1302 3006 Valerii

167 3023 267 3077 Catulli
285 3023 343 3076 eius
360 3023 489 3077 concinis.

204 3287 228 3321 1.
264 3267 314 3392 :iered
312 3267 482 3392 gnibmflbffl,
493 3269 531 3322 ed.
540 3271 587 3322 Pr.
657 3269 795 3323 erroribus
807 3289 828 3338 c,
841 3269 1279 3342 sedbabrtafinibusr'nmorgine.

205 3357 230 3392 ι.
334 3339 387 3391 itus
425 3379 432 3392 .

206 3428 230 3475 3.
266 3409 358 3462 silicet
371 3412 401 3463 V.

203 3501 229 3545 4.
264 3481 727 3550 cursumcquodmalebatNaekius.

204 3569 229 3616 5.
266 3550 409 3620 Quolibet
420 3553 536 3622 margo
604 3552 743 3606 celebrare
754 3553 816 3606 Hah
885 3560 1013 3609 reuocate
1025 3573 1069 3608 ma
1104 3574 1144 3609 .c.

204 3626 229 3675 ⁶.
265 3622 372 3692 Qouis
388 3621 404 3673 b
419 3623 457 3676 ed.
469 3626 516 3677 Pr.
531 3633 555 3676 et
572 3642 636 3676 saec.
648 3625 705 3676 XV
793 3624 868 3679 cuius
885 3635 941 3680 cett.
1029 3641 1074 3680 me
1094 3627 1121 3680 io
1136 3628 1187 3682 hab
1275 3629 1301 3681 in

169 3692 301 3747 medioH
380 3693 487 3748 causab
568 3693 675 3764 papirus
687 3695 759 3749 ura.
