<?xml version="1.0" encoding="UTF-8"?>
<!DOCTYPE html PUBLIC "-//W3C//DTD XHTML 1.0 Transitional//EN"
    "http://www.w3.org/TR/xhtml1/DTD/xhtml1-transitional.dtd">
<html xmlns="http://www.w3.org/1999/xhtml" xml:lang="en" lang="en">
 <head>
  <title>
</title>
<meta http-equiv="Content-Type" content="text/html;charset=utf-8" />
  <meta name='ocr-system' content='tesseract 3.04.00' />
  <meta name='ocr-capabilities' content='ocr_page ocr_carea ocr_par ocr_line ocrx_word'/>
</head>
<body>
  <div class='ocr_page' id='page_1' title='image "./catulliliber00elligoog_0318.png"; bbox 0 0 3074 5066; ppageno 0'>
   <div class='ocr_carea' id='block_1_1' title="bbox 485 383 1280 446">
    <p class='ocr_par' dir='ltr' id='par_1_1' title="bbox 485 383 1280 446">
     <span class='ocr_line' id='line_1_1' title="bbox 485 383 1280 446; baseline 0 -2"><span class='ocrx_word' id='word_1_1' title='bbox 485 384 714 444; x_wconf 82' lang='lat' dir='ltr'>CARMINVM</span> <span class='ocrx_word' id='word_1_2' title='bbox 738 383 928 445; x_wconf 86' lang='lat' dir='ltr'>CATVLLl.</span> <span class='ocrx_word' id='word_1_3' title='bbox 1222 388 1280 446; x_wconf 75' lang='grc'>231</span> 
     </span>
    </p>
   </div>
   <div class='ocr_carea' id='block_1_2' title="bbox 73 559 1313 4553">
    <p class='ocr_par' dir='ltr' id='par_1_2' title="bbox 118 559 1313 1794">
     <span class='ocr_line' id='line_1_2' title="bbox 118 559 1286 637; baseline 0.001 -17"><span class='ocrx_word' id='word_1_4' title='bbox 118 560 224 637; x_wconf 75' lang='lat' dir='ltr'>qualia</span> <span class='ocrx_word' id='word_1_5' title='bbox 247 559 417 632; x_wconf 59' lang='lat' dir='ltr'>descrlbltb</span> <span class='ocrx_word' id='word_1_6' title='bbox 432 575 487 634; x_wconf 77' lang='lat'>127</span> <span class='ocrx_word' id='word_1_7' title='bbox 502 561 600 619; x_wconf 70' lang='grc' dir='ltr'>ὅππη</span> <span class='ocrx_word' id='word_1_8' title='bbox 612 565 746 635; x_wconf 69' lang='grc' dir='ltr'>σίθίμηος</span> <span class='ocrx_word' id='word_1_9' title='bbox 758 567 775 618; x_wconf 80' lang='lat' dir='ltr'>d</span> <span class='ocrx_word' id='word_1_10' title='bbox 786 567 895 635; x_wconf 68' lang='grc' dir='ltr'>ποιητὴς</span> <span class='ocrx_word' id='word_1_11' title='bbox 907 567 995 620; x_wconf 70' lang='grc' dir='ltr'><strong><em>ὁπόσα</em></strong></span> <span class='ocrx_word' id='word_1_12' title='bbox 1010 567 1108 636; x_wconf 50' lang='lat' dir='ltr'>dhorn</span> <span class='ocrx_word' id='word_1_13' title='bbox 1128 567 1286 637; x_wconf 64' lang='grc' dir='ltr'>«κνήμη</span> 
     </span>
     <span class='ocr_line' id='line_1_3' title="bbox 119 661 1284 735; baseline 0.006 -22"><span class='ocrx_word' id='word_1_14' title='bbox 119 661 244 732; x_wconf 73' lang='grc' dir='ltr'>διόφορα</span> <span class='ocrx_word' id='word_1_15' title='bbox 259 661 380 733; x_wconf 56' lang='lat' dir='ltr'>daupei-pp</span> <span class='ocrx_word' id='word_1_16' title='bbox 400 662 429 715; x_wconf 68' lang='grc' dir='ltr'>ἐκ</span> <span class='ocrx_word' id='word_1_17' title='bbox 448 666 500 716; x_wconf 74' lang='lat' dir='ltr'>misr</span> <span class='ocrx_word' id='word_1_18' title='bbox 512 663 597 716; x_wconf 69' lang='grc' dir='ltr'>αὖτῦν</span> <span class='ocrx_word' id='word_1_19' title='bbox 609 665 784 732; x_wconf 60' lang='grc' dir='ltr'>Μηριόνου</span> <span class='ocrx_word' id='word_1_20' title='bbox 799 669 972 718; x_wconf 64' lang='lat' dir='ltr'>moriem</span> <span class='ocrx_word' id='word_1_21' title='bbox 988 663 1141 735; x_wconf 62' lang='grc' dir='ltr'>πρωινήν·</span> <span class='ocrx_word' id='word_1_22' title='bbox 1161 667 1231 720; x_wconf 75' lang='grc' dir='ltr'>ὅστε</span> <span class='ocrx_word' id='word_1_23' title='bbox 1250 667 1284 720; x_wconf 69' lang='lat' dir='ltr'>td</span> 
     </span>
     <span class='ocr_line' id='line_1_4' title="bbox 118 756 1285 832; baseline 0.007 -20"><span class='ocrx_word' id='word_1_24' title='bbox 118 759 169 826; x_wconf 72' lang='grc' dir='ltr'>μὶν</span> <span class='ocrx_word' id='word_1_25' title='bbox 188 759 222 813; x_wconf 69' lang='grc' dir='ltr'>ἐν</span> <span class='ocrx_word' id='word_1_26' title='bbox 235 758 348 830; x_wconf 74' lang='grc' dir='ltr'>ιἰιπὸρᾳ</span> <span class='ocrx_word' id='word_1_27' title='bbox 362 757 377 828; x_wconf 67' lang='grc' dir='ltr'><strong><em>ἣ</em></strong></span> <span class='ocrx_word' id='word_1_28' title='bbox 391 759 488 828; x_wconf 78' lang='lat' dir='ltr'>e&#39;reriorg</span> <span class='ocrx_word' id='word_1_29' title='bbox 508 763 633 832; x_wconf 72' lang='grc' dir='ltr'>περικοπῇ</span> <span class='ocrx_word' id='word_1_30' title='bbox 655 761 811 830; x_wconf 64' lang='grc' dir='ltr'>Μνήμασι</span> <span class='ocrx_word' id='word_1_31' title='bbox 828 761 936 828; x_wconf 72' lang='grc' dir='ltr'><strong><em>ἂιόμω</em></strong></span> <span class='ocrx_word' id='word_1_32' title='bbox 954 756 1021 816; x_wconf 72' lang='lat' dir='ltr'>elsae</span> <span class='ocrx_word' id='word_1_33' title='bbox 1039 761 1175 830; x_wconf 58' lang='lat' dir='ltr'>miluc,</span> <span class='ocrx_word' id='word_1_34' title='bbox 1188 765 1236 820; x_wconf 66' lang='lat' dir='ltr'>eh</span> <span class='ocrx_word' id='word_1_35' title='bbox 1254 765 1285 820; x_wconf 73' lang='grc' dir='ltr'>δι’</span> 
     </span>
     <span class='ocr_line' id='line_1_5' title="bbox 118 855 1284 933; baseline 0.01 -26"><span class='ocrx_word' id='word_1_36' title='bbox 118 857 270 926; x_wconf 64' lang='grc' dir='ltr'><strong>περικοπὰς</strong></span> <span class='ocrx_word' id='word_1_37' title='bbox 285 855 437 928; x_wconf 72' lang='grc' dir='ltr'>ἆμῴοτὸριις</span> <span class='ocrx_word' id='word_1_38' title='bbox 449 856 578 926; x_wconf 76' lang='grc' dir='ltr'>ἂλλῆλως</span> <span class='ocrx_word' id='word_1_39' title='bbox 590 857 706 927; x_wconf 69' lang='grc' dir='ltr'><strong><em>ὁμοίαεῆ</em></strong></span> <span class='ocrx_word' id='word_1_40' title='bbox 718 861 813 914; x_wconf 70' lang='grc' dir='ltr'><strong><em>πόσας.</em></strong></span> <span class='ocrx_word' id='word_1_41' title='bbox 842 856 920 914; x_wconf 78' lang='lat' dir='ltr'>Nam</span> <span class='ocrx_word' id='word_1_42' title='bbox 934 857 958 916; x_wconf 82' lang='lat' dir='ltr'>sl</span> <span class='ocrx_word' id='word_1_43' title='bbox 973 869 1061 933; x_wconf 79' lang='lat' dir='ltr'>poeta</span> <span class='ocrx_word' id='word_1_44' title='bbox 1074 859 1211 918; x_wconf 84' lang='lat' dir='ltr'>scriberet</span> <span class='ocrx_word' id='word_1_45' title='bbox 1225 871 1284 918; x_wconf 75' lang='lat' dir='ltr'>tres</span> 
     </span>
     <span class='ocr_line' id='line_1_6' title="bbox 120 951 1284 1033; baseline 0.006 -23"><span class='ocrx_word' id='word_1_46' title='bbox 120 951 269 1028; x_wconf 87' lang='lat' dir='ltr'>strophas</span> <span class='ocrx_word' id='word_1_47' title='bbox 289 951 331 1030; x_wconf 76' lang='grc' dir='ltr'>(υ)</span> <span class='ocrx_word' id='word_1_48' title='bbox 347 953 451 1012; x_wconf 90' lang='lat' dir='ltr'>decem</span> <span class='ocrx_word' id='word_1_49' title='bbox 472 971 609 1012; x_wconf 91' lang='lat' dir='ltr'>uersuum</span> <span class='ocrx_word' id='word_1_50' title='bbox 629 953 673 1030; x_wconf 76' lang='grc' dir='ltr'>(β)</span> <span class='ocrx_word' id='word_1_51' title='bbox 689 953 845 1013; x_wconf 87' lang='lat' dir='ltr'><strong>duodecim</strong></span> <span class='ocrx_word' id='word_1_52' title='bbox 866 953 908 1031; x_wconf 74' lang='grc' dir='ltr'>(γ)</span> <span class='ocrx_word' id='word_1_53' title='bbox 923 956 1164 1032; x_wconf 83' lang='lat' dir='ltr'>quattuordecim,</span> <span class='ocrx_word' id='word_1_54' title='bbox 1177 959 1284 1033; x_wconf 87' lang='lat' dir='ltr'>quibus</span> 
     </span>
     <span class='ocr_line' id='line_1_7' title="bbox 121 1049 1284 1131; baseline 0.005 -23"><span class='ocrx_word' id='word_1_55' title='bbox 121 1060 184 1108; x_wconf 89' lang='lat' dir='ltr'>tres</span> <span class='ocrx_word' id='word_1_56' title='bbox 215 1051 434 1127; x_wconf 89' lang='lat' dir='ltr'>responderent</span> <span class='ocrx_word' id='word_1_57' title='bbox 458 1049 499 1128; x_wconf 77' lang='lat' dir='ltr'>(a)</span> <span class='ocrx_word' id='word_1_58' title='bbox 522 1063 590 1111; x_wconf 93' lang='lat' dir='ltr'>octo</span> <span class='ocrx_word' id='word_1_59' title='bbox 614 1071 761 1122; x_wconf 88' lang='lat' dir='ltr'>uersuum,</span> <span class='ocrx_word' id='word_1_60' title='bbox 790 1051 834 1131; x_wconf 78' lang='grc' dir='ltr'>(β)</span> <span class='ocrx_word' id='word_1_61' title='bbox 860 1052 964 1112; x_wconf 89' lang='lat' dir='ltr'>decem</span> <span class='ocrx_word' id='word_1_62' title='bbox 988 1051 1031 1130; x_wconf 82' lang='grc' dir='ltr'>(γ)</span> <span class='ocrx_word' id='word_1_63' title='bbox 1053 1055 1228 1125; x_wconf 79' lang='lat' dir='ltr'>octodecim,</span> <span class='ocrx_word' id='word_1_64' title='bbox 1252 1067 1284 1114; x_wconf 94' lang='lat' dir='ltr'>ut</span> 
     </span>
     <span class='ocr_line' id='line_1_8' title="bbox 122 1147 1284 1226; baseline 0.004 -20"><span class='ocrx_word' id='word_1_65' title='bbox 122 1147 274 1224; x_wconf 82' lang='lat' dir='ltr'>strophae</span> <span class='ocrx_word' id='word_1_66' title='bbox 291 1151 417 1226; x_wconf 85' lang='lat' dir='ltr'>inpares,</span> <span class='ocrx_word' id='word_1_67' title='bbox 431 1153 568 1222; x_wconf 65' lang='lat' dir='ltr'>semel</span> <span class='ocrx_word' id='word_1_68' title='bbox 583 1169 669 1226; x_wconf 87' lang='lat' dir='ltr'>pares</span> <span class='ocrx_word' id='word_1_69' title='bbox 687 1163 785 1210; x_wconf 88' lang='lat' dir='ltr'>essent</span> <span class='ocrx_word' id='word_1_70' title='bbox 803 1161 942 1226; x_wconf 78' lang='lat' dir='ltr'>uueeque</span> <span class='ocrx_word' id='word_1_71' title='bbox 964 1153 1002 1224; x_wconf 84' lang='lat'>36</span> <span class='ocrx_word' id='word_1_72' title='bbox 1021 1169 1176 1222; x_wconf 87' lang='lat' dir='ltr'>uersuum;</span> <span class='ocrx_word' id='word_1_73' title='bbox 1197 1152 1244 1212; x_wconf 87' lang='lat' dir='ltr'>uel</span> <span class='ocrx_word' id='word_1_74' title='bbox 1259 1154 1284 1212; x_wconf 91' lang='lat' dir='ltr'>si</span> 
     </span>
     <span class='ocr_line' id='line_1_9' title="bbox 123 1247 1285 1324; baseline 0.003 -20"><span class='ocrx_word' id='word_1_75' title='bbox 123 1247 267 1304; x_wconf 84' lang='lat' dir='ltr'>comicae</span> <span class='ocrx_word' id='word_1_76' title='bbox 286 1247 436 1322; x_wconf 88' lang='lat' dir='ltr'>parabasis</span> <span class='ocrx_word' id='word_1_77' title='bbox 452 1250 532 1318; x_wconf 73' lang='grc' dir='ltr'><strong>μελος</strong></span> <span class='ocrx_word' id='word_1_78' title='bbox 545 1257 574 1306; x_wconf 93' lang='lat' dir='ltr'>et</span> <span class='ocrx_word' id='word_1_79' title='bbox 587 1249 714 1322; x_wconf 67' lang='grc' dir='ltr'>ἐπίρῤημιι</span> <span class='ocrx_word' id='word_1_80' title='bbox 727 1259 872 1324; x_wconf 80' lang='lat' dir='ltr'>utrimque</span> <span class='ocrx_word' id='word_1_81' title='bbox 890 1259 1047 1324; x_wconf 63' lang='lat' dir='ltr'>systemata</span> <span class='ocrx_word' id='word_1_82' title='bbox 1059 1247 1201 1307; x_wconf 85' lang='lat' dir='ltr'>haberent</span> <span class='ocrx_word' id='word_1_83' title='bbox 1214 1251 1285 1308; x_wconf 90' lang='lat' dir='ltr'>bina</span> 
     </span>
     <span class='ocr_line' id='line_1_10' title="bbox 123 1343 1313 1427; baseline 0.003 -25"><span class='ocrx_word' id='word_1_84' title='bbox 123 1352 312 1402; x_wconf 89' lang='lat' dir='ltr'>octonomm</span> <span class='ocrx_word' id='word_1_85' title='bbox 330 1363 469 1403; x_wconf 90' lang='lat' dir='ltr'>uersuum</span> <span class='ocrx_word' id='word_1_86' title='bbox 486 1345 517 1425; x_wconf 91' lang='lat'>(8</span> <span class='ocrx_word' id='word_1_87' title='bbox 529 1363 550 1406; x_wconf 77' lang='grc' dir='ltr'>κ</span> <span class='ocrx_word' id='word_1_88' title='bbox 563 1343 610 1422; x_wconf 82' lang='lat' dir='ltr'>a);</span> <span class='ocrx_word' id='word_1_89' title='bbox 630 1347 806 1418; x_wconf 66' lang='grc' dir='ltr'>ἀντίστροφοι</span> <span class='ocrx_word' id='word_1_90' title='bbox 819 1355 849 1404; x_wconf 93' lang='lat' dir='ltr'>et</span> <span class='ocrx_word' id='word_1_91' title='bbox 861 1346 1035 1419; x_wconf 74' lang='grc' dir='ltr'>α’πειίῥρημα</span> <span class='ocrx_word' id='word_1_92' title='bbox 1049 1359 1193 1422; x_wconf 78' lang='lat' dir='ltr'>utrumque</span> <span class='ocrx_word' id='word_1_93' title='bbox 1212 1365 1285 1424; x_wconf 84' lang='lat' dir='ltr'>qua·</span> <span class='ocrx_word' id='word_1_94' title='bbox 1311 1422 1313 1427; x_wconf 23' lang='grc' dir='ltr'>Ι</span> 
     </span>
     <span class='ocr_line' id='line_1_11' title="bbox 124 1441 1284 1522; baseline 0.003 -23"><span class='ocrx_word' id='word_1_95' title='bbox 124 1451 215 1500; x_wconf 88' lang='lat' dir='ltr'>tema</span> <span class='ocrx_word' id='word_1_96' title='bbox 236 1452 448 1518; x_wconf 85' lang='lat' dir='ltr'>quaternorum</span> <span class='ocrx_word' id='word_1_97' title='bbox 470 1441 585 1522; x_wconf 81' lang='grc'><strong>(4)(4),</strong></span> <span class='ocrx_word' id='word_1_98' title='bbox 608 1453 641 1502; x_wconf 95' lang='lat' dir='ltr'>ut</span> <span class='ocrx_word' id='word_1_99' title='bbox 663 1446 799 1514; x_wconf 68' lang='grc' dir='ltr'>πρασιαὶ</span> <span class='ocrx_word' id='word_1_100' title='bbox 823 1461 918 1520; x_wconf 84' lang='lat' dir='ltr'>pares,</span> <span class='ocrx_word' id='word_1_101' title='bbox 940 1445 1006 1517; x_wconf 72' lang='grc' dir='ltr'>μέρη</span> <span class='ocrx_word' id='word_1_102' title='bbox 1030 1455 1128 1504; x_wconf 87' lang='lat' dir='ltr'>essent</span> <span class='ocrx_word' id='word_1_103' title='bbox 1155 1445 1284 1522; x_wconf 85' lang='lat' dir='ltr'>inparia;</span> 
     </span>
     <span class='ocr_line' id='line_1_12' title="bbox 126 1539 1284 1618; baseline 0.004 -21"><span class='ocrx_word' id='word_1_104' title='bbox 126 1539 216 1598; x_wconf 81' lang='lat' dir='ltr'>facile</span> <span class='ocrx_word' id='word_1_105' title='bbox 239 1541 423 1598; x_wconf 76' lang='lat' dir='ltr'>turbarentur</span> <span class='ocrx_word' id='word_1_106' title='bbox 444 1541 528 1616; x_wconf 89' lang='lat' dir='ltr'>signa</span> <span class='ocrx_word' id='word_1_107' title='bbox 547 1540 717 1618; x_wconf 86' lang='lat' dir='ltr'>partitionis,</span> <span class='ocrx_word' id='word_1_108' title='bbox 731 1558 801 1599; x_wconf 84' lang='lat' dir='ltr'>mox</span> <span class='ocrx_word' id='word_1_109' title='bbox 815 1541 862 1600; x_wconf 89' lang='lat' dir='ltr'>uel</span> <span class='ocrx_word' id='word_1_110' title='bbox 881 1541 1047 1600; x_wconf 88' lang='lat' dir='ltr'>tollerentur</span> <span class='ocrx_word' id='word_1_111' title='bbox 1065 1560 1184 1618; x_wconf 87' lang='lat' dir='ltr'>pmrsus</span> <span class='ocrx_word' id='word_1_112' title='bbox 1200 1553 1232 1600; x_wconf 91' lang='lat' dir='ltr'>ut</span> <span class='ocrx_word' id='word_1_113' title='bbox 1247 1561 1284 1602; x_wconf 82' lang='lat' dir='ltr'>ex</span> 
     </span>
     <span class='ocr_line' id='line_1_13' title="bbox 126 1637 1285 1714; baseline 0.003 -20"><span class='ocrx_word' id='word_1_114' title='bbox 126 1637 255 1696; x_wconf 86' lang='lat' dir='ltr'>arbitrio</span> <span class='ocrx_word' id='word_1_115' title='bbox 276 1637 375 1696; x_wconf 89' lang='lat' dir='ltr'>addita</span> <span class='ocrx_word' id='word_1_116' title='bbox 396 1639 564 1708; x_wconf 89' lang='lat' dir='ltr'>scribarum,</span> <span class='ocrx_word' id='word_1_117' title='bbox 584 1639 633 1697; x_wconf 92' lang='lat' dir='ltr'>uel</span> <span class='ocrx_word' id='word_1_118' title='bbox 654 1639 694 1696; x_wconf 92' lang='lat' dir='ltr'>ibi</span> <span class='ocrx_word' id='word_1_119' title='bbox 719 1648 831 1696; x_wconf 89' lang='lat' dir='ltr'>tantum</span> <span class='ocrx_word' id='word_1_120' title='bbox 853 1637 1081 1714; x_wconf 85' lang='lat' dir='ltr'>relinquerentur</span> <span class='ocrx_word' id='word_1_121' title='bbox 1103 1641 1154 1698; x_wconf 92' lang='lat' dir='ltr'>ubi</span> <span class='ocrx_word' id='word_1_122' title='bbox 1176 1641 1285 1698; x_wconf 89' lang='lat' dir='ltr'>incerta</span> 
     </span>
     <span class='ocr_line' id='line_1_14' title="bbox 127 1747 325 1794; baseline -0.005 0"><span class='ocrx_word' id='word_1_123' title='bbox 127 1753 193 1794; x_wconf 91' lang='lat' dir='ltr'>non</span> <span class='ocrx_word' id='word_1_124' title='bbox 214 1747 325 1794; x_wconf 87' lang='lat' dir='ltr'>essent.</span> 
     </span>
    </p>

    <p class='ocr_par' dir='ltr' id='par_1_3' title="bbox 73 1831 1290 4553">
     <span class='ocr_line' id='line_1_15' title="bbox 172 1831 1286 1910; baseline 0 -18"><span class='ocrx_word' id='word_1_125' title='bbox 172 1835 282 1909; x_wconf 86' lang='lat' dir='ltr'>Itaque</span> <span class='ocrx_word' id='word_1_126' title='bbox 303 1833 340 1892; x_wconf 93' lang='lat' dir='ltr'>de</span> <span class='ocrx_word' id='word_1_127' title='bbox 362 1832 483 1892; x_wconf 89' lang='lat' dir='ltr'>Graecis</span> <span class='ocrx_word' id='word_1_128' title='bbox 504 1833 576 1893; x_wconf 88' lang='lat' dir='ltr'>haec</span> <span class='ocrx_word' id='word_1_129' title='bbox 600 1831 658 1892; x_wconf 83' lang='lat' dir='ltr'>sere</span> <span class='ocrx_word' id='word_1_130' title='bbox 682 1835 795 1904; x_wconf 89' lang='lat' dir='ltr'>sentio;</span> <span class='ocrx_word' id='word_1_131' title='bbox 827 1845 912 1892; x_wconf 89' lang='lat' dir='ltr'>notas</span> <span class='ocrx_word' id='word_1_132' title='bbox 932 1844 1000 1910; x_wconf 88' lang='lat' dir='ltr'>post</span> <span class='ocrx_word' id='word_1_133' title='bbox 1021 1833 1286 1894; x_wconf 85' lang='lat' dir='ltr'>Alexandrinorum</span> 
     </span>
     <span class='ocr_line' id='line_1_16' title="bbox 128 1931 1285 2009; baseline 0.001 -19"><span class='ocrx_word' id='word_1_134' title='bbox 128 1942 213 1990; x_wconf 87' lang='lat' dir='ltr'>certe</span> <span class='ocrx_word' id='word_1_135' title='bbox 245 1941 371 1990; x_wconf 84' lang='lat' dir='ltr'>aetatem</span> <span class='ocrx_word' id='word_1_136' title='bbox 402 1931 572 2009; x_wconf 91' lang='lat' dir='ltr'>plerumque</span> <span class='ocrx_word' id='word_1_137' title='bbox 600 1949 756 2008; x_wconf 70' lang='lat' dir='ltr'>usurpasse</span> <span class='ocrx_word' id='word_1_138' title='bbox 790 1932 895 2007; x_wconf 85' lang='lat' dir='ltr'>quibus</span> <span class='ocrx_word' id='word_1_139' title='bbox 927 1933 1089 1991; x_wconf 80' lang='lat' dir='ltr'>carminum</span> <span class='ocrx_word' id='word_1_140' title='bbox 1125 1932 1285 1992; x_wconf 80' lang='lat' dir='ltr'>indicarent</span> 
     </span>
     <span class='ocr_line' id='line_1_17' title="bbox 130 2029 1284 2105; baseline 0.003 -19"><span class='ocrx_word' id='word_1_141' title='bbox 130 2031 323 2105; x_wconf 81' lang='lat' dir='ltr'>partitiones3</span> <span class='ocrx_word' id='word_1_142' title='bbox 353 2029 494 2088; x_wconf 88' lang='lat' dir='ltr'>nonnulla</span> <span class='ocrx_word' id='word_1_143' title='bbox 513 2040 612 2088; x_wconf 87' lang='lat' dir='ltr'>tamen</span> <span class='ocrx_word' id='word_1_144' title='bbox 636 2040 668 2087; x_wconf 91' lang='lat' dir='ltr'>ut</span> <span class='ocrx_word' id='word_1_145' title='bbox 690 2031 798 2090; x_wconf 90' lang='lat' dir='ltr'>incerta</span> <span class='ocrx_word' id='word_1_146' title='bbox 819 2030 924 2088; x_wconf 87' lang='lat' dir='ltr'>tradita</span> <span class='ocrx_word' id='word_1_147' title='bbox 945 2031 984 2088; x_wconf 88' lang='lat' dir='ltr'>ab</span> <span class='ocrx_word' id='word_1_148' title='bbox 1005 2030 1131 2105; x_wconf 86' lang='lat' dir='ltr'>antiquis</span> <span class='ocrx_word' id='word_1_149' title='bbox 1152 2039 1202 2089; x_wconf 89' lang='lat' dir='ltr'>aut</span> <span class='ocrx_word' id='word_1_150' title='bbox 1222 2049 1284 2090; x_wconf 90' lang='lat' dir='ltr'>nou</span> 
     </span>
     <span class='ocr_line' id='line_1_18' title="bbox 131 2128 1283 2205; baseline 0.002 -19"><span class='ocrx_word' id='word_1_151' title='bbox 131 2128 303 2186; x_wconf 84' lang='lat' dir='ltr'>distinxisse</span> <span class='ocrx_word' id='word_1_152' title='bbox 325 2128 416 2204; x_wconf 86' lang='lat' dir='ltr'>signis</span> <span class='ocrx_word' id='word_1_153' title='bbox 436 2139 485 2186; x_wconf 88' lang='lat' dir='ltr'>aut</span> <span class='ocrx_word' id='word_1_154' title='bbox 506 2144 581 2198; x_wconf 85' lang='lat' dir='ltr'>raro,</span> <span class='ocrx_word' id='word_1_155' title='bbox 600 2129 756 2204; x_wconf 85' lang='lat' dir='ltr'>praecipue</span> <span class='ocrx_word' id='word_1_156' title='bbox 776 2145 847 2186; x_wconf 90' lang='lat' dir='ltr'>uero</span> <span class='ocrx_word' id='word_1_157' title='bbox 868 2128 919 2186; x_wconf 91' lang='lat' dir='ltr'>uhi</span> <span class='ocrx_word' id='word_1_158' title='bbox 939 2128 987 2186; x_wconf 92' lang='lat' dir='ltr'>uel</span> <span class='ocrx_word' id='word_1_159' title='bbox 1007 2129 1124 2204; x_wconf 76' lang='lat' dir='ltr'>inpares</span> <span class='ocrx_word' id='word_1_160' title='bbox 1144 2129 1283 2205; x_wconf 80' lang='lat' dir='ltr'>strophae</span> 
     </span>
     <span class='ocr_line' id='line_1_19' title="bbox 131 2225 1285 2300; baseline 0.005 -16"><span class='ocrx_word' id='word_1_161' title='bbox 131 2234 244 2295; x_wconf 88' lang='lat' dir='ltr'>essent,</span> <span class='ocrx_word' id='word_1_162' title='bbox 259 2225 306 2284; x_wconf 93' lang='lat' dir='ltr'>uel</span> <span class='ocrx_word' id='word_1_163' title='bbox 320 2243 421 2284; x_wconf 88' lang='lat' dir='ltr'>uersus</span> <span class='ocrx_word' id='word_1_164' title='bbox 439 2243 500 2284; x_wconf 91' lang='lat' dir='ltr'>uno</span> <span class='ocrx_word' id='word_1_165' title='bbox 521 2227 604 2284; x_wconf 90' lang='lat' dir='ltr'>metn&#39;</span> <span class='ocrx_word' id='word_1_166' title='bbox 621 2243 730 2300; x_wconf 81' lang='lat' dir='ltr'>genere</span> <span class='ocrx_word' id='word_1_167' title='bbox 750 2225 996 2284; x_wconf 85' lang='lat' dir='ltr'>continuarennir.</span> <span class='ocrx_word' id='word_1_168' title='bbox 1039 2225 1097 2284; x_wconf 92' lang='lat' dir='ltr'>Sed</span> <span class='ocrx_word' id='word_1_169' title='bbox 1117 2235 1149 2286; x_wconf 89' lang='lat' dir='ltr'>ut</span> <span class='ocrx_word' id='word_1_170' title='bbox 1163 2227 1285 2290; x_wconf 80' lang='lat' dir='ltr'>Graecis</span> 
     </span>
     <span class='ocr_line' id='line_1_20' title="bbox 132 2323 1285 2400; baseline 0 -17"><span class='ocrx_word' id='word_1_171' title='bbox 132 2324 335 2383; x_wconf 84' lang='lat' dir='ltr'>concesserim</span> <span class='ocrx_word' id='word_1_172' title='bbox 349 2323 483 2400; x_wconf 87' lang='lat' dir='ltr'>strophas</span> <span class='ocrx_word' id='word_1_173' title='bbox 496 2323 667 2400; x_wconf 77' lang='lat' dir='ltr'>plenumque</span> <span class='ocrx_word' id='word_1_174' title='bbox 684 2324 769 2382; x_wconf 86' lang='lat' dir='ltr'>certis</span> <span class='ocrx_word' id='word_1_175' title='bbox 788 2325 879 2400; x_wconf 87' lang='lat' dir='ltr'>signis</span> <span class='ocrx_word' id='word_1_176' title='bbox 898 2323 1073 2396; x_wconf 76' lang='lat' dir='ltr'>deliniuisse,</span> <span class='ocrx_word' id='word_1_177' title='bbox 1092 2342 1155 2383; x_wconf 90' lang='lat' dir='ltr'>non</span> <span class='ocrx_word' id='word_1_178' title='bbox 1175 2324 1285 2384; x_wconf 92' lang='lat' dir='ltr'>idcirco</span> 
     </span>
     <span class='ocr_line' id='line_1_21' title="bbox 134 2423 1284 2500; baseline 0.002 -20"><span class='ocrx_word' id='word_1_179' title='bbox 134 2424 216 2483; x_wconf 91' lang='lat' dir='ltr'>idem</span> <span class='ocrx_word' id='word_1_180' title='bbox 244 2441 312 2482; x_wconf 86' lang='lat' dir='ltr'>mos</span> <span class='ocrx_word' id='word_1_181' title='bbox 334 2424 413 2500; x_wconf 88' lang='lat' dir='ltr'>apud</span> <span class='ocrx_word' id='word_1_182' title='bbox 438 2423 592 2482; x_wconf 87' lang='lat' dir='ltr'>Romanos</span> <span class='ocrx_word' id='word_1_183' title='bbox 615 2423 741 2482; x_wconf 86' lang='lat' dir='ltr'>ualuisse</span> <span class='ocrx_word' id='word_1_184' title='bbox 767 2423 937 2483; x_wconf 89' lang='lat' dir='ltr'>ostenditur.</span> <span class='ocrx_word' id='word_1_185' title='bbox 980 2423 1040 2494; x_wconf 89' lang='lat' dir='ltr'>Qui</span> <span class='ocrx_word' id='word_1_186' title='bbox 1064 2425 1089 2483; x_wconf 87' lang='lat' dir='ltr'>si</span> <span class='ocrx_word' id='word_1_187' title='bbox 1113 2424 1284 2482; x_wconf 84' lang='lat' dir='ltr'>Anacreon-</span> 
     </span>
     <span class='ocr_line' id='line_1_22' title="bbox 135 2521 1286 2598; baseline 0 -18"><span class='ocrx_word' id='word_1_188' title='bbox 135 2533 198 2580; x_wconf 89' lang='lat' dir='ltr'>tem</span> <span class='ocrx_word' id='word_1_189' title='bbox 218 2522 349 2598; x_wconf 89' lang='lat' dir='ltr'>legerent</span> <span class='ocrx_word' id='word_1_190' title='bbox 369 2522 417 2580; x_wconf 90' lang='lat' dir='ltr'>uel</span> <span class='ocrx_word' id='word_1_191' title='bbox 437 2522 578 2581; x_wconf 87' lang='lat' dir='ltr'>Alcaeum</span> <span class='ocrx_word' id='word_1_192' title='bbox 601 2523 679 2581; x_wconf 90' lang='lat' dir='ltr'>notis</span> <span class='ocrx_word' id='word_1_193' title='bbox 700 2522 760 2580; x_wconf 87' lang='lat' dir='ltr'>suis</span> <span class='ocrx_word' id='word_1_194' title='bbox 779 2523 810 2580; x_wconf 90' lang='lat' dir='ltr'>in</span> <span class='ocrx_word' id='word_1_195' title='bbox 832 2521 965 2598; x_wconf 87' lang='lat' dir='ltr'>strophas</span> <span class='ocrx_word' id='word_1_196' title='bbox 988 2521 1128 2597; x_wconf 85' lang='lat' dir='ltr'>digestos,</span> <span class='ocrx_word' id='word_1_197' title='bbox 1150 2531 1286 2598; x_wconf 88' lang='lat' dir='ltr'>poterant</span> 
     </span>
     <span class='ocr_line' id='line_1_23' title="bbox 135 2619 1286 2696; baseline 0.001 -18"><span class='ocrx_word' id='word_1_198' title='bbox 135 2637 242 2678; x_wconf 90' lang='lat' dir='ltr'>eorum</span> <span class='ocrx_word' id='word_1_199' title='bbox 264 2620 367 2677; x_wconf 89' lang='lat' dir='ltr'>imitari</span> <span class='ocrx_word' id='word_1_200' title='bbox 388 2619 435 2678; x_wconf 89' lang='lat' dir='ltr'>uel</span> <span class='ocrx_word' id='word_1_201' title='bbox 456 2621 616 2678; x_wconf 90' lang='lat' dir='ltr'>orationem</span> <span class='ocrx_word' id='word_1_202' title='bbox 637 2619 685 2679; x_wconf 92' lang='lat' dir='ltr'>uel</span> <span class='ocrx_word' id='word_1_203' title='bbox 706 2637 852 2690; x_wconf 91' lang='lat' dir='ltr'>numeros,</span> <span class='ocrx_word' id='word_1_204' title='bbox 877 2631 963 2678; x_wconf 88' lang='lat' dir='ltr'>notas</span> <span class='ocrx_word' id='word_1_205' title='bbox 987 2631 1017 2679; x_wconf 91' lang='lat' dir='ltr'>et</span> <span class='ocrx_word' id='word_1_206' title='bbox 1038 2620 1123 2696; x_wconf 86' lang='lat' dir='ltr'>signa</span> <span class='ocrx_word' id='word_1_207' title='bbox 1145 2629 1286 2696; x_wconf 88' lang='lat' dir='ltr'>tanquam</span> 
     </span>
     <span class='ocr_line' id='line_1_24' title="bbox 135 2715 1286 2793; baseline 0 -18"><span class='ocrx_word' id='word_1_208' title='bbox 135 2718 261 2776; x_wconf 88' lang='lat' dir='ltr'>minoris</span> <span class='ocrx_word' id='word_1_209' title='bbox 281 2719 514 2793; x_wconf 87' lang='lat' dir='ltr'>praetermittere.</span> <span class='ocrx_word' id='word_1_210' title='bbox 557 2715 644 2775; x_wconf 94' lang='lat' dir='ltr'>Certe</span> <span class='ocrx_word' id='word_1_211' title='bbox 661 2715 791 2776; x_wconf 88' lang='lat' dir='ltr'>Naeuius</span> <span class='ocrx_word' id='word_1_212' title='bbox 804 2715 915 2775; x_wconf 91' lang='lat' dir='ltr'>Punica</span> <span class='ocrx_word' id='word_1_213' title='bbox 935 2734 989 2774; x_wconf 90' lang='lat' dir='ltr'>sua</span> <span class='ocrx_word' id='word_1_214' title='bbox 1010 2735 1047 2774; x_wconf 90' lang='lat' dir='ltr'>ne</span> <span class='ocrx_word' id='word_1_215' title='bbox 1068 2717 1099 2775; x_wconf 91' lang='lat' dir='ltr'>in</span> <span class='ocrx_word' id='word_1_216' title='bbox 1118 2715 1207 2776; x_wconf 90' lang='lat' dir='ltr'>libros</span> <span class='ocrx_word' id='word_1_217' title='bbox 1222 2717 1286 2792; x_wconf 92' lang='lat' dir='ltr'>qui·</span> 
     </span>
     <span class='ocr_line' id='line_1_25' title="bbox 73 2814 1286 2892; baseline 0.002 -20"><span class='ocrx_word' id='word_1_218' title='bbox 73 2881 78 2890; x_wconf 21' lang='lat' dir='ltr'>A</span> <span class='ocrx_word' id='word_1_219' title='bbox 136 2815 207 2872; x_wconf 91' lang='lat' dir='ltr'>dem</span> <span class='ocrx_word' id='word_1_220' title='bbox 220 2815 373 2885; x_wconf 90' lang='lat' dir='ltr'>distribuit,</span> <span class='ocrx_word' id='word_1_221' title='bbox 389 2815 515 2874; x_wconf 88' lang='lat' dir='ltr'>seduno</span> <span class='ocrx_word' id='word_1_222' title='bbox 529 2814 677 2872; x_wconf 92' lang='lat' dir='ltr'>uolumine</span> <span class='ocrx_word' id='word_1_223' title='bbox 696 2814 785 2872; x_wconf 92' lang='lat' dir='ltr'>edidit</span> <span class='ocrx_word' id='word_1_224' title='bbox 803 2825 833 2872; x_wconf 95' lang='lat' dir='ltr'>et</span> <span class='ocrx_word' id='word_1_225' title='bbox 849 2815 1009 2872; x_wconf 89' lang='lat' dir='ltr'>continenti</span> <span class='ocrx_word' id='word_1_226' title='bbox 1029 2815 1186 2890; x_wconf 87' lang='lat' dir='ltr'>scriptura;</span> <span class='ocrx_word' id='word_1_227' title='bbox 1209 2833 1286 2892; x_wconf 90' lang='lat' dir='ltr'>quae</span> 
     </span>
     <span class='ocr_line' id='line_1_26' title="bbox 137 2911 1285 2991; baseline 0 -19"><span class='ocrx_word' id='word_1_228' title='bbox 137 2915 250 2990; x_wconf 91' lang='lat' dir='ltr'>primus</span> <span class='ocrx_word' id='word_1_229' title='bbox 262 2914 293 2971; x_wconf 92' lang='lat' dir='ltr'>in</span> <span class='ocrx_word' id='word_1_230' title='bbox 307 2925 418 2990; x_wconf 89' lang='lat' dir='ltr'>septem</span> <span class='ocrx_word' id='word_1_231' title='bbox 433 2914 522 2972; x_wconf 91' lang='lat' dir='ltr'>libros</span> <span class='ocrx_word' id='word_1_232' title='bbox 536 2912 633 2972; x_wconf 90' lang='lat' dir='ltr'>diuisit</span> <span class='ocrx_word' id='word_1_233' title='bbox 647 2911 681 2971; x_wconf 90' lang='lat' dir='ltr'>C.</span> <span class='ocrx_word' id='word_1_234' title='bbox 694 2911 834 2972; x_wconf 87' lang='lat' dir='ltr'>Octauius</span> <span class='ocrx_word' id='word_1_235' title='bbox 849 2912 1020 2988; x_wconf 86' lang='lat' dir='ltr'>Lampadio.</span> <span class='ocrx_word' id='word_1_236' title='bbox 1049 2911 1141 2991; x_wconf 92' lang='lat' dir='ltr'>(Suet.</span> <span class='ocrx_word' id='word_1_237' title='bbox 1153 2913 1285 2972; x_wconf 83' lang='lat' dir='ltr'>Gmmm.</span> 
     </span>
     <span class='ocr_line' id='line_1_27' title="bbox 138 3009 1287 3088; baseline 0.001 -19"><span class='ocrx_word' id='word_1_238' title='bbox 138 3012 191 3088; x_wconf 88' lang='lat' dir='ltr'>ll.)</span> <span class='ocrx_word' id='word_1_239' title='bbox 225 3013 310 3071; x_wconf 92' lang='lat' dir='ltr'>Idem</span> <span class='ocrx_word' id='word_1_240' title='bbox 324 3021 423 3070; x_wconf 86' lang='lat' dir='ltr'>tamen</span> <span class='ocrx_word' id='word_1_241' title='bbox 438 3011 594 3070; x_wconf 89' lang='lat' dir='ltr'>Suetonius</span> <span class='ocrx_word' id='word_1_242' title='bbox 608 3029 676 3069; x_wconf 89' lang='lat' dir='ltr'>eum</span> <span class='ocrx_word' id='word_1_243' title='bbox 687 3009 796 3070; x_wconf 83' lang='lat' dir='ltr'>Crateri</span> <span class='ocrx_word' id='word_1_244' title='bbox 810 3009 952 3068; x_wconf 86' lang='lat' dir='ltr'>Malloten</span> <span class='ocrx_word' id='word_1_245' title='bbox 961 3009 1120 3069; x_wconf 81' lang='lat' dir='ltr'>Aristarchi</span> <span class='ocrx_word' id='word_1_246' title='bbox 1134 3011 1287 3087; x_wconf 86' lang='lat' dir='ltr'>aequalem</span> 
     </span>
     <span class='ocr_line' id='line_1_28' title="bbox 136 3107 1287 3185; baseline 0 -17"><span class='ocrx_word' id='word_1_247' title='bbox 136 3110 216 3170; x_wconf 88' lang='lat' dir='ltr'>dicat</span> <span class='ocrx_word' id='word_1_248' title='bbox 240 3111 367 3169; x_wconf 89' lang='lat' dir='ltr'>studium</span> <span class='ocrx_word' id='word_1_249' title='bbox 391 3110 597 3185; x_wconf 84' lang='lat' dir='ltr'>grammaticae</span> <span class='ocrx_word' id='word_1_250' title='bbox 619 3109 650 3168; x_wconf 91' lang='lat' dir='ltr'>in</span> <span class='ocrx_word' id='word_1_251' title='bbox 673 3109 776 3167; x_wconf 91' lang='lat' dir='ltr'>urbem</span> <span class='ocrx_word' id='word_1_252' title='bbox 797 3107 928 3166; x_wconf 89' lang='lat' dir='ltr'>intulisse</span> <span class='ocrx_word' id='word_1_253' title='bbox 950 3107 1079 3184; x_wconf 86' lang='lat' dir='ltr'>legatum</span> <span class='ocrx_word' id='word_1_254' title='bbox 1104 3109 1226 3168; x_wconf 87' lang='lat' dir='ltr'>missum</span> <span class='ocrx_word' id='word_1_255' title='bbox 1249 3109 1287 3168; x_wconf 91' lang='lat' dir='ltr'>ad</span> 
     </span>
     <span class='ocr_line' id='line_1_29' title="bbox 136 3202 1288 3280; baseline -0.003 -15"><span class='ocrx_word' id='word_1_256' title='bbox 136 3218 274 3266; x_wconf 87' lang='lat' dir='ltr'>senatum</span> <span class='ocrx_word' id='word_1_257' title='bbox 286 3207 323 3264; x_wconf 87' lang='lat' dir='ltr'>ab</span> <span class='ocrx_word' id='word_1_258' title='bbox 334 3206 432 3264; x_wconf 87' lang='lat' dir='ltr'>Attalo</span> <span class='ocrx_word' id='word_1_259' title='bbox 443 3223 512 3280; x_wconf 91' lang='lat' dir='ltr'>rege</span> <span class='ocrx_word' id='word_1_260' title='bbox 526 3206 599 3263; x_wconf 90' lang='lat' dir='ltr'>inter</span> <span class='ocrx_word' id='word_1_261' title='bbox 609 3203 772 3263; x_wconf 90' lang='lat' dir='ltr'>secundum</span> <span class='ocrx_word' id='word_1_262' title='bbox 785 3221 820 3262; x_wconf 89' lang='lat' dir='ltr'>ac</span> <span class='ocrx_word' id='word_1_263' title='bbox 834 3205 948 3262; x_wconf 90' lang='lat' dir='ltr'>tertium</span> <span class='ocrx_word' id='word_1_264' title='bbox 957 3202 1099 3262; x_wconf 92' lang='lat' dir='ltr'>Punicum</span> <span class='ocrx_word' id='word_1_265' title='bbox 1110 3203 1217 3262; x_wconf 92' lang='lat' dir='ltr'>bellum</span> <span class='ocrx_word' id='word_1_266' title='bbox 1232 3205 1288 3264; x_wconf 89' lang='lat' dir='ltr'>sub</span> 
     </span>
     <span class='ocr_line' id='line_1_30' title="bbox 137 3301 1287 3382; baseline -0.002 -20"><span class='ocrx_word' id='word_1_267' title='bbox 137 3305 233 3380; x_wconf 89' lang='lat' dir='ltr'>ipsam</span> <span class='ocrx_word' id='word_1_268' title='bbox 248 3303 326 3362; x_wconf 88' lang='lat' dir='ltr'>Enni</span> <span class='ocrx_word' id='word_1_269' title='bbox 340 3315 464 3362; x_wconf 89' lang='lat' dir='ltr'>mortem</span> <span class='ocrx_word' id='word_1_270' title='bbox 480 3302 528 3382; x_wconf 91' lang='lat' dir='ltr'>(A.</span> <span class='ocrx_word' id='word_1_271' title='bbox 541 3301 574 3361; x_wconf 91' lang='lat' dir='ltr'>C.</span> <span class='ocrx_word' id='word_1_272' title='bbox 592 3302 660 3378; x_wconf 88' lang='lat'>168)</span> <span class='ocrx_word' id='word_1_273' title='bbox 675 3313 785 3360; x_wconf 91' lang='lat' dir='ltr'>etcum</span> <span class='ocrx_word' id='word_1_274' title='bbox 800 3301 953 3377; x_wconf 86' lang='lat' dir='ltr'>prolapsus</span> <span class='ocrx_word' id='word_1_275' title='bbox 974 3302 1003 3358; x_wconf 89' lang='lat' dir='ltr'>in</span> <span class='ocrx_word' id='word_1_276' title='bbox 1021 3301 1139 3360; x_wconf 91' lang='lat' dir='ltr'>cloacae</span> <span class='ocrx_word' id='word_1_277' title='bbox 1153 3301 1287 3362; x_wconf 81' lang='lat' dir='ltr'>foramen</span> 
     </span>
     <span class='ocr_line' id='line_1_31' title="bbox 137 3398 1288 3478; baseline -0.001 -17"><span class='ocrx_word' id='word_1_278' title='bbox 137 3420 204 3461; x_wconf 92' lang='lat' dir='ltr'>crus</span> <span class='ocrx_word' id='word_1_279' title='bbox 234 3403 375 3478; x_wconf 80' lang='lat' dir='ltr'>fregisset,</span> <span class='ocrx_word' id='word_1_280' title='bbox 405 3420 457 3477; x_wconf 89' lang='lat' dir='ltr'>per</span> <span class='ocrx_word' id='word_1_281' title='bbox 484 3419 573 3460; x_wconf 89' lang='lat' dir='ltr'>omne</span> <span class='ocrx_word' id='word_1_282' title='bbox 607 3400 760 3478; x_wconf 88' lang='lat' dir='ltr'>legationis</span> <span class='ocrx_word' id='word_1_283' title='bbox 795 3398 880 3457; x_wconf 90' lang='lat' dir='ltr'>simul</span> <span class='ocrx_word' id='word_1_284' title='bbox 908 3407 937 3458; x_wconf 89' lang='lat' dir='ltr'>et</span> <span class='ocrx_word' id='word_1_285' title='bbox 963 3399 1137 3458; x_wconf 87' lang='lat' dir='ltr'>ualetudinis</span> <span class='ocrx_word' id='word_1_286' title='bbox 1171 3409 1288 3477; x_wconf 88' lang='lat' dir='ltr'>tempus</span> 
     </span>
     <span class='ocr_line' id='line_1_32' title="bbox 137 3496 1288 3575; baseline 0.001 -17"><span class='ocrx_word' id='word_1_287' title='bbox 137 3500 279 3575; x_wconf 89' lang='lat' dir='ltr'>plurimas</span> <span class='ocrx_word' id='word_1_288' title='bbox 302 3500 428 3557; x_wconf 86' lang='lat' dir='ltr'>acroasis</span> <span class='ocrx_word' id='word_1_289' title='bbox 459 3497 582 3557; x_wconf 90' lang='lat' dir='ltr'>subinde</span> <span class='ocrx_word' id='word_1_290' title='bbox 610 3497 713 3556; x_wconf 82' lang='lat' dir='ltr'>fecisse</span> <span class='ocrx_word' id='word_1_291' title='bbox 741 3496 914 3572; x_wconf 87' lang='lat' dir='ltr'>assidueque</span> <span class='ocrx_word' id='word_1_292' title='bbox 942 3497 1129 3571; x_wconf 89' lang='lat' dir='ltr'>disseruisse;</span> <span class='ocrx_word' id='word_1_293' title='bbox 1162 3517 1197 3558; x_wconf 87' lang='lat' dir='ltr'>ac</span> <span class='ocrx_word' id='word_1_294' title='bbox 1225 3499 1288 3560; x_wconf 93' lang='lat' dir='ltr'>Ro-</span> 
     </span>
     <span class='ocr_line' id='line_1_33' title="bbox 136 3593 1289 3672; baseline 0.001 -16"><span class='ocrx_word' id='word_1_295' title='bbox 136 3598 233 3656; x_wconf 88' lang='lat' dir='ltr'>manis</span> <span class='ocrx_word' id='word_1_296' title='bbox 257 3597 395 3672; x_wconf 82' lang='lat' dir='ltr'>exemplo</span> <span class='ocrx_word' id='word_1_297' title='bbox 419 3595 507 3654; x_wconf 82' lang='lat' dir='ltr'>fuisse</span> <span class='ocrx_word' id='word_1_298' title='bbox 532 3595 571 3654; x_wconf 92' lang='lat' dir='ltr'>ad</span> <span class='ocrx_word' id='word_1_299' title='bbox 599 3595 789 3666; x_wconf 90' lang='lat' dir='ltr'>imitandum;</span> <span class='ocrx_word' id='word_1_300' title='bbox 821 3593 962 3653; x_wconf 85' lang='lat' dir='ltr'>hactenus</span> <span class='ocrx_word' id='word_1_301' title='bbox 985 3605 1084 3653; x_wconf 84' lang='lat' dir='ltr'>tamen</span> <span class='ocrx_word' id='word_1_302' title='bbox 1104 3595 1233 3656; x_wconf 87' lang='lat' dir='ltr'>imitatos</span> <span class='ocrx_word' id='word_1_303' title='bbox 1257 3607 1289 3657; x_wconf 90' lang='lat' dir='ltr'>ut</span> 
     </span>
     <span class='ocr_line' id='line_1_34' title="bbox 137 3690 1289 3770; baseline -0.001 -16"><span class='ocrx_word' id='word_1_304' title='bbox 137 3695 270 3754; x_wconf 86' lang='lat' dir='ltr'>cannina</span> <span class='ocrx_word' id='word_1_305' title='bbox 297 3711 400 3770; x_wconf 84' lang='lat' dir='ltr'>parum</span> <span class='ocrx_word' id='word_1_306' title='bbox 425 3693 519 3752; x_wconf 85' lang='lat' dir='ltr'>adhuc</span> <span class='ocrx_word' id='word_1_307' title='bbox 545 3692 691 3768; x_wconf 85' lang='lat' dir='ltr'>diuolgata</span> <span class='ocrx_word' id='word_1_308' title='bbox 714 3692 761 3750; x_wconf 93' lang='lat' dir='ltr'>uel</span> <span class='ocrx_word' id='word_1_309' title='bbox 786 3690 989 3750; x_wconf 84' lang='lat' dir='ltr'>defunctomm</span> <span class='ocrx_word' id='word_1_310' title='bbox 1010 3693 1170 3752; x_wconf 87' lang='lat' dir='ltr'>amicorum</span> <span class='ocrx_word' id='word_1_311' title='bbox 1192 3695 1239 3753; x_wconf 91' lang='lat' dir='ltr'>uel</span> <span class='ocrx_word' id='word_1_312' title='bbox 1265 3696 1289 3754; x_wconf 92' lang='lat' dir='ltr'>si</span> 
     </span>
     <span class='ocr_line' id='line_1_35' title="bbox 137 3790 1288 3870; baseline 0.001 -19"><span class='ocrx_word' id='word_1_313' title='bbox 137 3811 264 3870; x_wconf 91' lang='lat' dir='ltr'>quorum</span> <span class='ocrx_word' id='word_1_314' title='bbox 282 3792 405 3850; x_wconf 88' lang='lat' dir='ltr'>aliorum</span> <span class='ocrx_word' id='word_1_315' title='bbox 424 3801 603 3859; x_wconf 89' lang='lat' dir='ltr'>tractassent,</span> <span class='ocrx_word' id='word_1_316' title='bbox 618 3790 783 3866; x_wconf 91' lang='lat' dir='ltr'>diligentius</span> <span class='ocrx_word' id='word_1_317' title='bbox 804 3798 990 3849; x_wconf 87' lang='lat' dir='ltr'>retractarent</span> <span class='ocrx_word' id='word_1_318' title='bbox 1009 3807 1043 3849; x_wconf 91' lang='lat' dir='ltr'>ac</span> <span class='ocrx_word' id='word_1_319' title='bbox 1062 3790 1190 3867; x_wconf 92' lang='lat' dir='ltr'>legendo</span> <span class='ocrx_word' id='word_1_320' title='bbox 1207 3810 1288 3852; x_wconf 90' lang='lat' dir='ltr'>com·</span> 
     </span>
     <span class='ocr_line' id='line_1_36' title="bbox 137 3885 1288 3966; baseline -0.001 -17"><span class='ocrx_word' id='word_1_321' title='bbox 137 3890 359 3966; x_wconf 83' lang='lat' dir='ltr'>mentandoque</span> <span class='ocrx_word' id='word_1_322' title='bbox 389 3899 417 3948; x_wconf 92' lang='lat' dir='ltr'>et</span> <span class='ocrx_word' id='word_1_323' title='bbox 446 3889 547 3947; x_wconf 87' lang='lat' dir='ltr'>ceteris</span> <span class='ocrx_word' id='word_1_324' title='bbox 573 3899 642 3946; x_wconf 88' lang='lat' dir='ltr'>nota</span> <span class='ocrx_word' id='word_1_325' title='bbox 671 3888 806 3957; x_wconf 86' lang='lat' dir='ltr'>facerent,</span> <span class='ocrx_word' id='word_1_326' title='bbox 835 3897 866 3944; x_wconf 92' lang='lat' dir='ltr'>ut</span> <span class='ocrx_word' id='word_1_327' title='bbox 895 3886 928 3945; x_wconf 92' lang='lat' dir='ltr'>C.</span> <span class='ocrx_word' id='word_1_328' title='bbox 951 3885 1108 3946; x_wconf 87' lang='lat' dir='ltr'>Octauium</span> <span class='ocrx_word' id='word_1_329' title='bbox 1131 3887 1288 3964; x_wconf 86' lang='lat' dir='ltr'>Lampadi-</span> 
     </span>
     <span class='ocr_line' id='line_1_37' title="bbox 137 3983 1287 4062; baseline 0.003 -16"><span class='ocrx_word' id='word_1_330' title='bbox 137 4006 228 4046; x_wconf 90' lang='lat' dir='ltr'>onem</span> <span class='ocrx_word' id='word_1_331' title='bbox 250 3985 354 4046; x_wconf 88' lang='lat' dir='ltr'>Naeuii</span> <span class='ocrx_word' id='word_1_332' title='bbox 376 3986 518 4045; x_wconf 90' lang='lat' dir='ltr'>Punicum</span> <span class='ocrx_word' id='word_1_333' title='bbox 540 3985 662 4057; x_wconf 89' lang='lat' dir='ltr'>Bellum,</span> <span class='ocrx_word' id='word_1_334' title='bbox 687 3996 719 4044; x_wconf 92' lang='lat' dir='ltr'>ut</span> <span class='ocrx_word' id='word_1_335' title='bbox 743 3995 846 4062; x_wconf 89' lang='lat' dir='ltr'>postea</span> <span class='ocrx_word' id='word_1_336' title='bbox 873 3983 911 4056; x_wconf 92' lang='lat' dir='ltr'>Q.</span> <span class='ocrx_word' id='word_1_337' title='bbox 927 3983 1139 4061; x_wconf 87' lang='lat' dir='ltr'>Vargunteium</span> <span class='ocrx_word' id='word_1_338' title='bbox 1167 3988 1287 4049; x_wconf 85' lang='lat' dir='ltr'>annales</span> 
     </span>
     <span class='ocr_line' id='line_1_38' title="bbox 137 4081 1287 4159; baseline 0.002 -15"><span class='ocrx_word' id='word_1_339' title='bbox 137 4085 224 4155; x_wconf 84' lang='lat' dir='ltr'>Enni,</span> <span class='ocrx_word' id='word_1_340' title='bbox 247 4095 279 4142; x_wconf 87' lang='lat' dir='ltr'>ut</span> <span class='ocrx_word' id='word_1_341' title='bbox 298 4083 431 4142; x_wconf 87' lang='lat' dir='ltr'>Laelium</span> <span class='ocrx_word' id='word_1_342' title='bbox 452 4083 636 4152; x_wconf 80' lang='lat' dir='ltr'>Archelaum,</span> <span class='ocrx_word' id='word_1_343' title='bbox 652 4083 844 4159; x_wconf 88' lang='lat' dir='ltr'>Vectiumque</span> <span class='ocrx_word' id='word_1_344' title='bbox 866 4081 1070 4140; x_wconf 86' lang='lat' dir='ltr'>Philocomum</span> <span class='ocrx_word' id='word_1_345' title='bbox 1089 4081 1181 4141; x_wconf 93' lang='lat' dir='ltr'>Lucili</span> <span class='ocrx_word' id='word_1_346' title='bbox 1204 4083 1287 4146; x_wconf 85' lang='lat' dir='ltr'>Satu-</span> 
     </span>
     <span class='ocr_line' id='line_1_39' title="bbox 137 4179 1289 4258; baseline -0.01 -13"><span class='ocrx_word' id='word_1_347' title='bbox 137 4205 201 4256; x_wconf 86' lang='lat' dir='ltr'>ras;</span> <span class='ocrx_word' id='word_1_348' title='bbox 234 4201 307 4242; x_wconf 88' lang='lat' dir='ltr'>mox</span> <span class='ocrx_word' id='word_1_349' title='bbox 325 4184 493 4242; x_wconf 88' lang='lat' dir='ltr'>instruxisse</span> <span class='ocrx_word' id='word_1_350' title='bbox 516 4184 553 4240; x_wconf 89' lang='lat' dir='ltr'>ab</span> <span class='ocrx_word' id='word_1_351' title='bbox 574 4182 656 4240; x_wconf 91' lang='lat' dir='ltr'>omni</span> <span class='ocrx_word' id='word_1_352' title='bbox 677 4183 749 4258; x_wconf 85' lang='lat' dir='ltr'>parti</span> <span class='ocrx_word' id='word_1_353' title='bbox 771 4181 991 4258; x_wconf 86' lang='lat' dir='ltr'>grammaticam</span> <span class='ocrx_word' id='word_1_354' title='bbox 1012 4179 1046 4239; x_wconf 90' lang='lat' dir='ltr'>L.</span> <span class='ocrx_word' id='word_1_355' title='bbox 1061 4181 1176 4240; x_wconf 91' lang='lat' dir='ltr'>Aelium</span> <span class='ocrx_word' id='word_1_356' title='bbox 1191 4183 1289 4247; x_wconf 71' lang='lat' dir='ltr'>Lanu.</span> 
     </span>
     <span class='ocr_line' id='line_1_40' title="bbox 137 4277 1290 4357; baseline 0.003 -15"><span class='ocrx_word' id='word_1_357' title='bbox 137 4285 241 4342; x_wconf 87' lang='lat' dir='ltr'>uinum</span> <span class='ocrx_word' id='word_1_358' title='bbox 255 4298 454 4356; x_wconf 88' lang='lat' dir='ltr'>generumque</span> <span class='ocrx_word' id='word_1_359' title='bbox 469 4279 544 4338; x_wconf 91' lang='lat' dir='ltr'>Aelii</span> <span class='ocrx_word' id='word_1_360' title='bbox 559 4277 705 4348; x_wconf 91' lang='lat' dir='ltr'>Clodium,</span> <span class='ocrx_word' id='word_1_361' title='bbox 720 4279 843 4355; x_wconf 90' lang='lat' dir='ltr'>posthac</span> <span class='ocrx_word' id='word_1_362' title='bbox 858 4280 952 4355; x_wconf 89' lang='lat' dir='ltr'>magis</span> <span class='ocrx_word' id='word_1_363' title='bbox 966 4297 1000 4338; x_wconf 87' lang='lat' dir='ltr'>ac</span> <span class='ocrx_word' id='word_1_364' title='bbox 1015 4280 1109 4356; x_wconf 87' lang='lat' dir='ltr'>magis</span> <span class='ocrx_word' id='word_1_365' title='bbox 1124 4291 1152 4338; x_wconf 91' lang='lat' dir='ltr'>et</span> <span class='ocrx_word' id='word_1_366' title='bbox 1166 4284 1290 4357; x_wconf 87' lang='lat' dir='ltr'>gratiam</span> 
     </span>
     <span class='ocr_line' id='line_1_41' title="bbox 138 4376 1289 4460; baseline 0.003 -22"><span class='ocrx_word' id='word_1_367' title='bbox 138 4391 167 4438; x_wconf 90' lang='lat' dir='ltr'>et</span> <span class='ocrx_word' id='word_1_368' title='bbox 181 4396 284 4439; x_wconf 86' lang='lat' dir='ltr'>curam</span> <span class='ocrx_word' id='word_1_369' title='bbox 300 4378 369 4436; x_wconf 88' lang='lat' dir='ltr'>artis</span> <span class='ocrx_word' id='word_1_370' title='bbox 386 4377 545 4436; x_wconf 88' lang='lat' dir='ltr'>increuisse</span> <span class='ocrx_word' id='word_1_371' title='bbox 559 4387 591 4435; x_wconf 91' lang='lat' dir='ltr'>ut</span> <span class='ocrx_word' id='word_1_372' title='bbox 604 4395 642 4435; x_wconf 93' lang='lat' dir='ltr'>ne</span> <span class='ocrx_word' id='word_1_373' title='bbox 657 4377 808 4436; x_wconf 87' lang='lat' dir='ltr'>clarissimi</span> <span class='ocrx_word' id='word_1_374' title='bbox 825 4376 943 4452; x_wconf 91' lang='lat' dir='ltr'>quidem</span> <span class='ocrx_word' id='word_1_375' title='bbox 961 4377 1014 4435; x_wconf 93' lang='lat' dir='ltr'>uiri</span> <span class='ocrx_word' id='word_1_376' title='bbox 1035 4378 1214 4438; x_wconf 89' lang='lat' dir='ltr'>abstinerent</span> <span class='ocrx_word' id='word_1_377' title='bbox 1228 4402 1289 4460; x_wconf 95' lang='lat' dir='ltr'>quo</span> 
     </span>
     <span class='ocr_line' id='line_1_42' title="bbox 139 4473 1289 4553; baseline 0.001 -17"><span class='ocrx_word' id='word_1_378' title='bbox 139 4479 238 4536; x_wconf 87' lang='lat' dir='ltr'>minus</span> <span class='ocrx_word' id='word_1_379' title='bbox 261 4485 290 4536; x_wconf 90' lang='lat' dir='ltr'>et</span> <span class='ocrx_word' id='word_1_380' title='bbox 310 4475 365 4552; x_wconf 90' lang='lat' dir='ltr'>ipsi</span> <span class='ocrx_word' id='word_1_381' title='bbox 386 4473 494 4552; x_wconf 92' lang='lat' dir='ltr'>aliquid</span> <span class='ocrx_word' id='word_1_382' title='bbox 510 4473 546 4534; x_wconf 90' lang='lat' dir='ltr'>de</span> <span class='ocrx_word' id='word_1_383' title='bbox 566 4492 601 4534; x_wconf 87' lang='lat' dir='ltr'>ea</span> <span class='ocrx_word' id='word_1_384' title='bbox 620 4476 787 4543; x_wconf 88' lang='lat' dir='ltr'>scriberent,</span> <span class='ocrx_word' id='word_1_385' title='bbox 802 4484 890 4550; x_wconf 90' lang='lat' dir='ltr'>utque</span> <span class='ocrx_word' id='word_1_386' title='bbox 912 4475 1091 4550; x_wconf 88' lang='lat' dir='ltr'>temporibus</span> <span class='ocrx_word' id='word_1_387' title='bbox 1115 4479 1289 4553; x_wconf 89' lang='lat' dir='ltr'>quibusdam</span> 
     </span>
    </p>
   </div>
   <div class='ocr_carea' id='block_1_3' title="bbox 0 0 1561 5066">
    <p class='ocr_par' dir='ltr' id='par_1_4' title="bbox 0 0 1561 5066">
     <span class='ocr_line' id='line_1_43' title="bbox 0 0 1561 5066; baseline 0 0"><span class='ocrx_word' id='word_1_388' title='bbox 0 0 1561 5066; x_wconf 95' lang='lat' dir='ltr'> </span> 
     </span>
    </p>
   </div>
  </div>
 </body>
</html>
