3118 5054
555 390 915 454 PROLEGOMENA.

1284 393 1352 450 xxix

107 581 136 628 et
149 588 211 630 uuo
223 589 313 631 uersu
325 580 392 648 post
406 571 446 632 II.
465 591 510 645 10,
527 573 651 649 paginae
671 574 712 634 sic
731 575 915 647 ordinantur3
936 574 1078 634 sumimus
1099 573 1209 652 primae
1227 575 1354 652 paginae

107 669 234 745 primum
255 687 374 730 uersum
393 670 483 730 fuisse
503 671 580 731 huuc
600 673 648 730 uel
668 671 832 732 huiusmodi
853 673 967 732 titulum
983 672 1092 736 Catulli
1107 673 1266 737 Veronensis
1286 675 1355 734 lrlaer

108 768 438 845 mpradcomnam.

225 935 357 976 malm
375 935 450 976 IXAE
470 937 602 980 mom.

108 1029 149 1087 Π.
226 1049 245 1101 4
272 1029 312 1087 Et
326 1030 400 1089 acris

108 1125 165 1185 III.
226 1142 245 1200 5
275 1126 373 1199 Quem
386 1127 453 1205 plus
466 1127 514 1186 illa
527 1128 617 1189 oculis

109 1224 163 1284 IV.
228 1245 244 1283 2
273 1226 324 1284 Ait
337 1226 426 1285 fuisse
440 1229 560 1288 nauium

210 1325 247 1381 18
274 1323 314 1382 Et
327 1325 396 1383 inde
409 1333 453 1384 tot

108 1420 146 1478 V.
229 1425 247 1478 6
276 1421 345 1481 Nox
360 1433 556 1500 estperpetua

109 1517 163 1576 VI.
228 1522 247 1576 8
277 1520 424 1597 Sertisque
437 1540 472 1581 ac
487 1522 570 1600 Syrio

108 1615 180 1676 VII
229 1621 247 1675 6
275 1617 315 1676 Et
328 1617 405 1678 Batti
419 1620 523 1679 ueteris

109 1715 198 1774 VIII.
229 1736 247 1791 9
276 1715 365 1776 Nunc
379 1719 437 1775 iam
451 1718 498 1776 illa
511 1736 572 1778 non
585 1718 647 1778 uult

109 1813 164 1872 IX
230 1828 249 1888 5
277 1815 396 1874 Venisti.
439 1815 550 1876 Omihi

110 1911 148 1969 X
230 1932 248 1987 9
276 1911 431 1990 Respondi
446 1913 474 1972 id
489 1913 569 1991 quod
583 1921 643 1973 erat

212 2023 248 2083 25
277 2009 407 2082 Quaeso,
422 2012 522 2088 inquit,
536 2012 607 2070 mihi

111 2107 165 2166 XI.
231 2111 249 2166 6
279 2108 337 2168 Seu
351 2109 441 2169 Sacas
455 2110 684 2188 sagittiferosque

211 2227 248 2266 22
278 2206 338 2279 Qui
352 2207 425 2268 illius
440 2209 527 2286 culpa

110 2306 182 2366 XII.
213 2325 249 2381 13
277 2305 389 2365 Vemm
403 2316 448 2366 est
461 2305 679 2375 mnemosinum

108 2405 199 2463 XIII.
213 2424 246 2464 11
277 2403 357 2463 Nam
370 2415 551 2482 unguentum
565 2406 643 2465 dabo

111 2503 197 2562 XIV.
215 2522 251 2562 ra
281 2503 320 2563 Di
333 2505 433 2580 magni
445 2503 610 2562 horribilem

809 939 938 980 saclitas
956 940 1078 982 SVXXAE
1098 941 1308 990 Pos'rsmotttts.

758 1034 797 1092 II.
873 1049 890 1109 5
919 1035 996 1095 Cum
1011 1036 1153 1096 desiderio

757 1132 813 1191 111.
873 1136 892 1192 6
921 1132 999 1192 Nam
1013 1135 1137 1193 mellitus
1151 1143 1212 1193 erat

758 1230 811 1289 IV.
873 1250 890 1306 3
919 1229 1025 1308 Neque
1039 1230 1124 1291 ulEus
1139 1233 1264 1292 natantis

857 1348 893 1406 19
921 1327 1036 1387 Herum
1050 1330 1149 1388 tulisse

757 1427 797 1485 V.
876 1441 893 1503 7
921 1425 970 1486 Da
983 1428 1024 1486 mi
1037 1422 1125 1487 basia
1133 1428 1212 1487 mille

759 1525 812 1586 Vl.
874 1548 893 1604 9
921 1525 1117 1606 Puluinusque
1131 1545 1277 1606 peraeque

759 1624 829 1684 VII.
878 1639 893 1700 7
923 1624 983 1684 Aut
997 1643 1085 1703 quam
1100 1625 1195 1684 sidera

759 1721 844 1782 VIII.
857 1742 894 1782 10
923 1722 987 1782 Nec
1001 1741 1076 1800 quae
1091 1723 1163 1800 sugit
1178 1732 1288 1782 sectare

760 1819 813 1877 IX.
876 1821 894 1877 6
923 1819 1025 1878 Visam
1039 1829 1067 1878 te
1081 1819 1258 1880 incolumem

760 1917 797 1975 X.
859 1935 895 1975 10
922 1916 987 1978 Nec
1001 1917 1181 1993 praetoribus
1195 1935 1259 1976 esse

857 2016 893 2072 26
923 2013 1001 2073 Istos
1015 2013 1174 2074 commoda

761 2113 814 2171 XI.
878 2127 894 2187 7
925 2111 993 2171 Siue
1008 2131 1082 2188 quae
1097 2122 1210 2189 septem

857 2229 894 2291 23
923 2209 1023 2268 Vltimi
1037 2209 1093 2267 flos

761 2308 830 2370 XII.
859 2295 894 2382 1⁹4
924 2309 1003 2368 Nam
1017 2308 1134 2368 sudaria

761 2405 846 2466 XIII.
860 2425 894 2464 12
923 2405 1078 2466 Donarunt
1092 2406 1224 2465 Veneres

761 2502 844 2561 X1V.
861 2522 897 2579 13
926 2501 1025 2576 Quem
1039 2513 1071 2562 tu
1085 2503 1193 2563 scilicet

153 2739 290 2816 Sequitur
308 2749 340 2798 ut
358 2747 456 2798 sextus
476 2739 606 2799 decimus
624 2757 726 2799 uersus
745 2737 869 2815 paginae
888 2739 925 2800 sit
941 2739 987 2798 ille
1001 2741 1050 2817 qui
1065 2749 1132 2815 post
1146 2737 1244 2798 XIVb.
1260 2759 1277 2814 3
1292 2737 1361 2800 Non

109 2838 261 2896 horrebr‘tir
285 2838 429 2896 admouere
454 2837 530 2896 nobis
557 2839 679 2915 scriptus
705 2847 757 2898 est.
809 2837 944 2896 Vidimus
972 2848 1068 2897 autem
1093 2837 1158 2896 XV.
1180 2857 1197 2913 3
1222 2838 1361 2915 pagiuam

111 2937 252 2997 clausisse
260 2955 268 3008 ;
290 2935 344 3007 his,
358 2937 448 2994 tribus
462 2936 594 2995 uersibus
613 2937 638 2995 si
656 2937 771 2995 additur
788 2936 895 3006 titulus,
910 2945 1065 3012 supersunt
1078 2935 1116 2994 ad
1129 2937 1266 3012 paginam
1281 2954 1361 2996 com-

110 3035 253 3112 plendam
267 3034 422 3092 duodecim
429 3054 438 3105 ;
461 3035 557 3110 itaque
571 3043 638 3111 post
652 3032 742 3093 XIVb
757 3052 775 3108 3
794 3034 893 3092 amissi
907 3043 975 3094 sunt
989 3051 1090 3094 uersus
1107 3043 1200 3100 ra÷r
1219 3057 1250 3086 =
1269 3053 1314 3109 13.

153 3132 430 3208 RedIntegrauImus
450 3131 628 3209 archetypon
646 3151 664 3194 a
684 3133 850 3210 c.1usque
871 3132 909 3191 ad
928 3152 953 3191 c.
967 3131 1076 3190 LXIV.
1093 3147 1159 3206 355.
1202 3131 1362 3210 Pergamus

108 3234 149 3293 ad
162 3233 284 3310 reliqua.

229 3407 361 3449 PAGINAS
379 3407 453 3448 urna
473 3406 608 3448 PRIORES.

110 3501 223 3562 LXIV.
268 3517 326 3576 355
355 3499 558 3576 Troiugenum
573 3499 680 3560 infesto

267 3613 327 3674 370
353 3599 478 3657 Proiciet
492 3609 626 3658 truncum

266 3699 325 3773 386
354 3697 518 3757 Caelicolae
532 3697 663 3756 nondum

267 3815 325 3870 402
355 3796 443 3856 Liber
456 3807 488 3855 ut
502 3797 639 3872 innuptae

112 3897 207 3956 LXV.
307 3915 326 3970 9
354 3895 494 3972 AIquuar
508 3895 628 3954 audiero

112 3995 225 4056 LXVI.
311 4013 323 4052 1
355 3991 464 4053 Omnia
477 3993 527 4071 qui
540 3993 640 4070 magni

289 4106 324 4166 17
354 4091 487 4150 Vbertirn
501 4091 619 4150 thalami

288 4210 326 4266 33
354 4189 452 4265 Atque
467 4189 506 4248 ibi
520 4207 567 4248 me
582 4191 694 4249 cunctis

287 4309 325 4364 49
354 4288 393 4347 Et
407 4289 457 4365 qui
471 4289 613 4365 prIncipio

286 4388 325 4458 65
354 4383 482 4459 Virginis
496 4395 524 4442 et
538 4385 617 4442 saeui

289 4487 324 4542 81
357 4481 478 4542 Tradite
491 4483 636 4543 nudantes

771 3461 774 3470 Ι
815 3405 943 3448 eternas
962 3404 1084 3447 SVMMAE
1103 3405 1315 3451 rosrnmosus

966 3500 984 3538 ss
1029 3500 1046 3537 *
1090 3501 1107 3537 *
1151 3501 1167 3538 *
1211 3502 1228 3538 *

913 3611 968 3673 371
1000 3597 1114 3657 Currite
1128 3597 1268 3658 ducentes

912 3699 969 3771 387
1000 3695 1095 3773 Saepe
1109 3706 1190 3773 pater
1204 3696 1304 3755 diuum

913 3813 971 3870 403
1001 3795 1109 3872 Ignaro
1124 3806 1216 3856 mater

933 3910 972 3952 ro
1000 3893 1160 3972 Nrmquam
1176 3914 1232 3972 ego
1245 3905 1274 3956 te
1288 3895 1348 3956 uita

765 3992 871 4053 LXVI.
955 4013 970 4052 2
1000 3992 1060 4067 Qui
1075 3995 1220 4053 stellarum
1234 4005 1314 4056 ortus

936 4095 972 4150 18
1002 4093 1073 4152 Non
1087 4093 1126 4153 ita
1139 4113 1186 4152 me
1201 4093 1259 4153 diui

935 4209 973 4265 34
1002 4189 1073 4249 Non
1087 4191 1149 4250 sine
1163 4194 1276 4251 taunno

934 4303 973 4362 50
1002 4289 1107 4348 Institit
1121 4308 1155 4348 ac
1169 4289 1235 4348 ferri

934 4388 971 4444 66
1001 4385 1126 4446 Lumina
1140 4387 1259 4447 Callisto

937 4489 973 4544 82
1003 4484 1083 4557 Quin
1097 4487 1222 4546 iucunda
