3118 5054
198 387 236 444 xii
584 379 944 445 PROLEGOMENA.

196 567 246 626 ubi
260 567 348 644 legit?
370 577 402 626 ut
416 567 512 638 credo,
527 565 688 628 Vemnae‘.
731 567 790 627 Hic
811 567 890 626 enim
906 565 1053 625 Catullum
1074 581 1171 624 rursus
1191 563 1222 622 in
1243 561 1338 622 lucem

196 667 347 743 prodiisse,
362 685 423 726 non
438 666 533 726 soltun
546 685 583 726 ex
598 665 710 726 Colucii
725 667 813 726 literis
827 667 887 726 uen'
903 665 994 726 simile
1008 675 1060 736 est,
1076 663 1128 724 sed
1147 663 1176 722 in
1194 662 1337 738 epigram·

196 773 274 824 mate
289 765 393 824 diserte
407 765 552 824 traditum.
594 765 647 824 Est
660 777 758 824 antem
771 765 837 825 hoc.

245 861 344 922 llcrncs
357 863 463 922 danim
472 862 631 922 Bermenuti
643 865 675 922 dc
690 863 879 940 Campexanis
897 863 928 920 dc
950 860 1071 920 Vicenciir
1092 861 1123 918 dc
1143 860 1340 918 resurrectcimc

199 959 407 1037 Caullc'panac
428 961 593 1021 Veronense.

398 1075 451 1134 Ad
456 1079 578 1151 patriam
594 1079 670 1135 aenio
683 1077 772 1153 longis
784 1075 930 1153 definibus
944 1075 1020 1146 exal,

441 1174 536 1235 Causa
550 1178 604 1234 rnci
614 1176 719 1233 reditus
732 1173 983 1252 compatriatasuit.

398 1271 509 1332 Scilicet
519 1295 538 1331 a
553 1275 667 1332 calamis
680 1274 780 1332 tribuit
791 1275 839 1331 cui
849 1273 976 1332 Francia
989 1291 1092 1342 namen,

441 1370 547 1448 Quique
560 1379 637 1430 natat
647 1373 747 1454 turbae⁸
750 1373 953 1448 praetereuntis
967 1375 1026 1430 iter.

401 1469 460 1540 Qua
472 1471 533 1528 licet
545 1473 652 1547 rirgeru'o
665 1476 785 1529 uestrum
799 1470 925 1528 celebrate
940 1468 1091 1540 Catullum,

442 1569 532 1628 Curias
544 1569 594 1628 sub
607 1569 693 1628 modii>
706 1571 801 1628 clausa
809 1579 936 1645 papyrus
949 1575 1016 1626 crat.

238 1689 369 1748 Titulum
383 1709 451 1750 cum
464 1694 596 1752 uersibus
611 1693 687 1764 dedi,
702 1693 803 1770 quales
817 1691 951 1768 leguntur
965 1693 995 1749 in
1012 1691 1070 1749 fine
1087 1689 1197 1749 codicis
1214 1687 1339 1764 Sanger-

195 1791 344 1849 manensis
373 1792 563 1868 antiquissimi
591 1810 692 1852 eorum
715 1793 764 1868 qui
789 1811 866 1850 nunc
891 1801 1014 1862 exstant,
1037 1801 1171 1849 exaratus
1195 1799 1239 1847 est
1260 1788 1340 1846 enim

196 1905 275 1947 anno
290 1901 376 1963 1375.
418 1888 608 1950 Benuenutus
622 1891 659 1950 de
674 1889 859 1967 Campesani,
874 1891 948 1948 inter
962 1889 1097 1948 satellites
1111 1886 1201 1946 Canis
1212 1885 1340 1945 Grandis

195 1987 289 2062 primi,
311 1985 456 2046 familiaris
477 1999 574 2047 autem
594 1988 731 2048 Guilelmi
751 1989 937 2063 Pastrengici,
960 2006 977 2046 a
998 2004 1057 2064 quo
1079 1987 1182 2046 dicitur
1202 1995 1290 2062 poeta
1310 1993 1340 2041 et

197 2087 292 2144 scriba
316 2087 461 2157 mirabilis,
482 2087 631 2146 heroicum
656 2105 773 2146 carmen
794 2087 959 2145 Vicentiam
984 2105 1001 2145 a
1022 2086 1169 2145 Patauinis
1191 2085 1340 2143 liberatam

196 2184 376 2260 conscripsit,
392 2185 473 2242 cuius
488 2185 683 2260 fragmentum
702 2195 833 2261 superest
852 2185 930 2260 apud
945 2179 1163 2260 Pagliarinum².
1205 2181 1340 2240 Mortuus

197 2291 241 2339 est
255 2299 335 2340 anno
356 2300 410 2355 13²
415 2301 432 2356 3
447 2291 479 2341 ut
493 2301 510 2340 a
524 2284 653 2342 carmine
667 2282 831 2360 intelligitur
845 2283 962 2354 Ferreti,
977 2284 1027 2360 qui
1045 2293 1074 2342 et
1092 2283 1155 2359 ipse
1167 2280 1340 2339 Vicentinus

197 2388 227 2438 et
240 2391 328 2456 poeta
342 2376 428 2438 erat³.

240 2476 342 2553 ltaque
364 2479 386 2536 si
407 2479 587 2554 epigramma
600 2497 668 2538 uere
688 2489 732 2537 est
752 2478 937 2556 Campesani,
957 2477 1061 2537 Catulli
1082 2479 1153 2537 liber
1173 2485 1241 2536 ante
1261 2475 1340 2535 hunc

199 2591 308 2632 annum
327 2575 461 2634 inuentus
480 2585 532 2636 est.
575 2575 735 2636 Meinertus
748 2577 866 2655 quidem
885 2588 952 2636 ante
971 2595 1046 2652 1314
1062 2578 1213 2635 inuentum
1233 2576 1340 2634 existu-

198 2673 307 2731 mabat.
349 2673 395 2732 Eo
420 2675 498 2732 enim
522 2692 601 2733 anno
626 2673 774 2734 Mussatus
798 2677 828 2732 in
851 2674 952 2752 Elegia
975 2693 1032 2752 qua
1056 2675 1163 2750 gratias
1183 2674 1243 2750 egit
1264 2673 1340 2731 Aca·

198 2771 310 2830 demine
325 2771 531 2831 Patauinomm
546 2773 627 2850 quod
641 2789 672 2832 se
687 2773 785 2832 laurea
798 2783 976 2844 coronasset,
990 2773 1062 2832 haec
1077 2773 1148 2833 dixit

231 2988 238 3016 ¹
257 2991 361 3037 Petrarca
371 2989 475 3036 Veronae
486 3003 553 3050 saepe
565 2989 757 3043 commorabatur,
769 2997 792 3035 et
804 2987 835 3036 ibi
846 2988 963 3036 Ciceronis
971 2989 1084 3050 Epistulas
1095 2989 1181 3036 inuenit
1194 3003 1254 3036 anno
1266 2999 1337 3051 1345.

231 3070 241 3098 ¹
462 3071 585 3118 Camacas
597 3071 688 3136 aquilas
698 3071 850 3134 Angustaque
860 3071 928 3135 signa
939 3080 1039 3118 secutum

459 3151 580 3215 Scaligara
591 3153 619 3199 dr
627 3161 695 3215 genta
706 3153 799 3208 canem,
811 3153 936 3215 ratiumque
946 3153 1057 3215 triumphi

462 3235 576 3282 Veronam
586 3243 608 3280 et
615 3233 695 3294 pulsos
705 3235 785 3282 mitt
795 3250 823 3281 aa
834 3233 889 3282 arba
899 3243 1015 3294 mamas,

460 3317 556 3379 Exigua
567 3316 669 3362 nanaibo
679 3316 731 3376 tyra
737 3333 746 3370 ,·
763 3316 820 3364 nribi
829 3317 914 3364 amica
925 3318 1000 3364 runca

459 3398 560 3460 aspira,
569 3399 703 3460 patriaeque
714 3399 782 3446 datas
792 3409 908 3446 romanet
917 3399 1023 3446 habmus.

460 3483 513 3528 Iam
518 3482 596 3542 sanor
606 3482 695 3543 imperii
709 3481 799 3528 Verona
807 3481 934 3544 potentibus
945 3484 1018 3528 armis

460 3563 558 3610 Exierat
566 3573 700 3626 pontnnpue
710 3564 780 3611 Canis
792 3571 940 3625 mpcraucrat
950 3563 1031 3612 altam.

233 3655 244 3684 ⁸
268 3656 352 3704 Ferreti
373 3655 498 3718 (Muratori
519 3655 574 3702 Rer.
592 3654 642 3702 ltal.
662 3655 702 3702 lx.
719 3670 741 3716 p.
755 3651 830 3718 1165)
848 3655 948 3717 quinque
967 3656 1067 3702 carmina
1087 3664 1140 3703 aunt
1159 3657 1187 3702 de
1206 3655 1340 3715 Campesanl

201 3747 285 3793 morte,
296 3739 394 3799 primum
407 3737 502 3800 longius,
514 3745 589 3784 cetera
600 3737 712 3786 breuiora.
748 3738 881 3784 Breuiorum
897 3738 921 3784 in
935 3738 1003 3786 tertio
1020 3738 1077 3785 haec
1093 3738 1169 3785 scribit
1181 3737 1248 3785 Matr
1258 3746 1342 3784 mm·

200 3821 258 3870 tenir
272 3821 343 3868 maier
355 3819 516 3883 gnninauerat
529 3833 615 3866 annm
629 3818 725 3868 Tertiae.
759 3819 786 3866 ln
802 3819 877 3881 primo
893 3829 974 3881 poetar
990 3829 1115 3876 enumerat,
1127 3819 1241 3875 Flaccum,
1252 3827 1342 3881 patrem

204 3905 338 3950 Maeonium
359 3904 439 3950 ducem
459 3901 563 3949 canninia
583 3900 632 3956 alti,
651 3901 777 3960 Lucanum,
798 3902 902 3956 Statium,
921 3902 1046 3959 Ouidium
1067 3902 1095 3949 de
1112 3903 1206 3950 Catullo
1223 3902 1341 3963 Propertio

202 3985 297 4034 Tibullo
314 3985 369 4031 nihil
387 3985 449 4033 dicit.
483 3984 546 4031 ldem
563 3984 624 4030 aliud
640 3999 723 4046 poema
740 3985 769 4032 de
786 3994 860 4032 morte
872 3985 1007 4045 Campenni
1021 3985 1051 4032 ad
1063 3985 1192 4032 Manatum
1204 3985 1341 4032 Patauinum

205 4071 299 4132 scripsit,
311 4079 335 4116 et
347 4077 444 4130 quatuor
456 4069 524 4115 libros
539 4067 724 4116 hexametrorum
739 4069 768 4115 de
779 4069 848 4116 Canis
860 4069 958 4116 Grandia
975 4070 1041 4117 rebus
1057 4069 1134 4132 gestis,
1146 4069 1169 4116 in
1181 4069 1262 4130 quibua
1273 4069 1342 4116 Clau·

202 4153 296 4199 dianum
315 4152 351 4198 uel
369 4151 467 4198 Statium
486 4150 586 4196 imitatur
603 4159 645 4205 est,
662 4151 691 4198 de
708 4151 800 4198 Catullo
817 4152 873 4198 nibil
890 4152 968 4201 habet.
1000 4151 1043 4199 Sed
1060 4151 1123 4199 haud
1139 4151 1187 4198 acio
1204 4167 1232 4197 an
1249 4165 1296 4196 non
1312 4150 1342 4196 ad

203 4235 326 4282 Catulliani
338 4232 483 4294 Epithalamii
501 4231 570 4278 finem
586 4241 688 4293 spectent
704 4235 774 4280 uerba
791 4235 899 4282 orationis
916 4236 939 4281 in
951 4235 1036 4281 Ferreti
1052 4234 1136 4296 nuptiis
1152 4233 1253 4281 habitae
1289 4231 1342 4278 Har

200 4317 277 4379 itaqua
294 4315 384 4377 nuptias
404 4313 501 4376 tardique
520 4313 602 4360 decora
620 4314 734 4362 nobilitate
743 4315 862 4379 fulgentes
879 4332 964 4364 nanim
981 4316 1089 4364 crhbratc
1100 4317 1208 4377 fauentes
1224 4331 1252 4362 nc
1267 4315 1342 4364 Dm

199 4399 288 4460 pariter
297 4408 415 4460 precarnar
426 4407 450 4445 nt
464 4433 469 4446 .
482 4433 488 4445 .
501 4431 506 4443 .
520 4395 609 4455 Jonas
619 4413 647 4444 err
658 4397 699 4445 bac
710 4398 820 4446 connubio
830 4399 893 4446 nasci
905 4399 993 4460 prolana
1008 4399 1053 4446 suia
1067 4399 1199 4447 clarissimis
1211 4397 1342 4461 Μικίω-

203 4483 265 4530 ribrn
277 4482 378 4530 similem.
