3136 5060
673 431 730 490 al)
751 432 773 490 1.
796 452 823 503 4.
1258 435 1315 490 307

175 625 276 685 quem
305 608 415 684 (LIII),
430 609 582 672 Othonis
610 623 714 690 caput
736 611 842 692 (LIV),
871 612 1028 685 Oramus,
1056 615 1084 673 si
1112 612 1201 674 sorte
1227 611 1317 686 (LV),

174 721 301 780 quorum
315 706 434 766 dimidia
447 725 518 767 sane
531 726 599 784 pars
619 710 692 769 iram
713 720 971 788 contemptumque
993 711 1136 786 exprimit,
1154 719 1249 769 cetera
1269 718 1319 768 aut

173 802 272 861 media
295 813 364 863 sunt
384 815 433 864 aut
454 823 523 865 cum
543 824 643 866 amore
664 825 699 866 ac
720 808 828 868 deliciis
849 809 1072 884 coniunguntur.
1114 807 1199 880 Quae
1217 807 1318 866 iambo

173 900 222 960 uel
234 901 374 962 trochaeo
387 903 417 961 in
431 903 525 980 prima
539 904 608 964 sede
623 914 729 976 carent,
744 905 816 964 haec
830 916 897 965 sunt
910 905 1078 965 Viuamus
1099 923 1173 964 mea
1191 904 1319 964 Lesbia

174 1008 279 1076 atque
297 1019 449 1061 amemus
465 1001 528 1076 (V),
543 1001 650 1074 Flaui,
665 1003 812 1063 delicias
830 1013 906 1064 tuas
921 1003 1059 1063 Catullo
1075 1002 1320 1078 (VI),Veranni

174 1097 339 1158 omnibus
359 1116 377 1157 e
397 1099 483 1158 meis
503 1099 625 1159 amicis
641 1099 720 1174 (IX),
733 1101 847 1160 Varus
868 1120 919 1162 me
940 1120 1035 1161 meus
1059 1102 1102 1161 ad
1124 1118 1206 1161 suos
1229 1118 1318 1160 arno-

173 1211 230 1255 res
253 1195 318 1271 (X),
342 1195 495 1257 Cenabis
518 1197 607 1257 bene
632 1199 677 1257 mi
698 1198 844 1259 Fabulle
871 1183 962 1277 ap'ud
986 1218 1038 1259 me
1062 1197 1173 1278 (XIII),
1196 1198 1261 1258 Nei
1285 1207 1319 1257 te

175 1294 254 1371 plus
281 1295 395 1354 oculis
428 1296 515 1355 meis
549 1314 699 1355 amarem
728 1296 836 1378 (XIV),
865 1297 1080 1358 Commendo
1108 1299 1172 1357 tibi
1199 1315 1252 1356 me
1280 1315 1319 1356 ac

175 1411 272 1454 meos
296 1411 433 1453 amores
455 1390 548 1473 (XV),
570 1393 746 1455 Pedicabo
772 1414 837 1473 ego
865 1415 930 1456 uos
954 1406 987 1458 et
1011 1397 1187 1456 irrumabo
1209 1393 1319 1474 (XVI),

175 1493 302 1564 Aureli,
324 1503 423 1570 pater
449 1494 678 1553 esuritionum
700 1493 809 1575 (xxl),
833 1496 944 1568 FureI,
976 1498 1030 1556 cui
1058 1515 1169 1574 neque
1198 1513 1319 1556 seruus

175 1603 228 1652 est
254 1611 367 1670 neque
393 1611 473 1652 arca
501 1592 642 1672 (XXIII),
674 1593 703 1654 Ο
731 1595 789 1671 qui
820 1593 987 1654 flosculus
1016 1613 1051 1654 es
1079 1595 1318 1654 quentiorum

176 1689 313 1771 (XXIV),
333 1690 414 1750 Furi
436 1691 561 1751 uillula
581 1701 702 1751 nostra
721 1710 792 1751 non
815 1693 858 1751 ad
878 1693 998 1752 Austri
1018 1691 1157 1773 (XXVI),
1177 1692 1319 1752 Pisonis

176 1792 333 1862 comites,
353 1789 481 1849 cohors
502 1791 615 1849 inanis
638 1789 808 1864 (XXVIII),
831 1791 933 1851 Salue
954 1809 1018 1851 nec
1039 1792 1182 1850 minimo
1204 1791 1322 1868 puella

176 1907 263 1949 naso
284 1885 421 1966 (XLIII),
449 1888 522 1946 Iam
550 1906 609 1947 uer
637 1888 797 1964 egelidos
824 1889 934 1948 refert
961 1899 1102 1967 tepores
1127 1889 1262 1970 (XLVI),
1290 1889 1320 1950 Ο

176 2006 248 2049 rem
268 1989 460 2060 ridiculam,
474 1986 571 2060 Cato,
585 1995 619 2046 et
637 1987 794 2048 iocosam
810 1987 916 2062 (LVI),
935 1987 1033 2048 Caeli
1053 1988 1181 2048 Lesbia
1201 1998 1321 2048 nostra

176 2087 306 2148 Lesbia
337 2087 398 2147 illa
432 2085 569 2167 (LVIII),
601 2086 724 2148 fortasse
750 2088 839 2146 etiam
867 2085 1015 2146 Pulchre
1056 2087 1222 2146 conuenit
1263 2087 1321 2145 im-

176 2186 296 2262 probis
330 2185 490 2245 cinaedis
525 2184 648 2260 (LVII),
683 2184 713 2245 Ο
746 2184 859 2245 lurum
894 2185 1026 2261 optime
1061 2184 1319 2245 balneariorum

176 2281 346 2362 (XXXIII).
396 2283 433 2342 In
454 2283 622 2344 uniuersum
647 2283 776 2343 cannina
798 2283 828 2341 ln
852 2282 957 2359 quibus
979 2281 1226 2360 hendecasyllabis
1249 2301 1321 2342 usus

176 2391 221 2441 est
241 2380 373 2442 Catullus
393 2393 463 2442 sunt
482 2401 574 2442 unum
594 2393 623 2442 et
644 2381 852 2460 quadraginta;
882 2381 1051 2442 trochaeum
1071 2381 1119 2441 uel
1139 2381 1297 2440 iambum'
1290 2398 1323 2442 m

180 2481 277 2558 primo
290 2480 367 2557 pede
381 2481 547 2558 septuagies
561 2479 620 2540 fere
634 2482 740 2558 posuit

217 2578 305 2638 Haec
322 2577 392 2638 mihi
410 2579 606 2638 consideranti
622 2598 689 2638 cum
705 2577 854 2654 Coningto
868 2577 1034 2656 protulisset
1047 2595 1164 2637 uersum
1179 2523 1322 2637 Martialis

177 2677 264 2736 161
279 2697 291 2736 1
317 2675 423 2736 Verum
446 2677 519 2736 ducti
539 2678 662 2755 sydlabas
689 2684 767 2736 amat
792 2679 875 2748 autri,
898 2678 1022 2738 occurrit
1044 2677 1173 2755 potuisse
1195 2677 1322 2736 Plinium

177 2775 283 2834 eodem
303 2776 394 2835 modo
414 2775 530 2836 dicendi
548 2776 597 2847 uti,
613 2793 673 2852 quo
687 2774 829 2834 Martialis
847 2776 887 2834 ibi
900 2793 972 2836 usus
993 2785 1045 2835 est.
1088 2773 1221 2852 Syllabas
1242 2775 1322 2834 enim

177 2874 317 2935 Martialis
345 2885 413 2935 sunt
428 2875 681 2954 hendecasyllabi.
737 2875 839 2952 Itaque
871 2875 928 2936 hoc
955 2875 1081 2934 PlInium
1111 2875 1219 2935 dixisse
1253 2892 1322 2934 cen·

177 2991 237 3032 seo.
279 2972 388 3033 ‘Statui
412 2973 544 3034 licentius
565 2983 593 3033 te
616 2973 744 3051 adloqui,
764 2974 833 3050 quia
854 2990 972 3050 semper
994 2974 1101 3050 putasti
1116 2992 1188 3034 esse
1212 2973 1323 3050 aliquid

178 3075 283 3130 ‘meas
301 3089 403 3147 nugas,
425 3081 457 3130 ut
478 3070 581 3134 Catulli
597 3072 695 3132 uerbis
713 3073 846 3148 quamuis
865 3072 1063 3149 impudentius
1081 3090 1129 3132 me
1148 3071 1321 3138 delendam

178 3170 283 3229 ‘cuim
302 3170 469 3246 exemplum
491 3180 606 3230 secutus
629 3169 688 3243 (ille
708 3171 788 3228 enim
808 3171 924 3230 omissis
944 3170 1201 3248 hendecasyllabis,
1216 3171 1324 3248 quibus

177 3273 232 3328 ‘se
267 3278 355 3328 antea
393 3269 606 3328 delicatioribus
637 3269 738 3328 amicis
774 3269 1002 3340 commendarat,
1039 3287 1141 3329 uersus
1176 3269 1322 3344 elegiacos

175 3366 356 3425 ‘scribendo
385 3366 531 3426 duriorem
559 3385 591 3426 se
617 3365 684 3426 lecit
712 3384 801 3443 quam
823 3366 893 3426 dum
916 3367 951 3425 iis
978 3365 1039 3425 uult
1060 3367 1187 3442 placere)
1216 3365 1321 3424 faciam

176 3469 248 3523 ‘me
277 3464 423 3524 duriorem
454 3473 540 3542 teque
571 3475 604 3525 ut
631 3465 750 3524 militem
777 3465 861 3524 miles
894 3465 958 3524 rudi
988 3482 1124 3524 sermone
1151 3462 1322 3540 adgrediar!

177 3563 427 3623 Duriusculum
457 3563 542 3640 igitur
567 3563 661 3622 resero
684 3563 722 3622 ad
742 3563 873 3623 ultimam
897 3573 1009 3640 partem
1025 3561 1195 3622 Carminum
1209 3561 1323 3633 Camlli,

177 3662 235 3732 ubi,
263 3670 427 3738 permutata
460 3663 571 3721 ratione
603 3679 661 3738 qua
694 3663 805 3738 prlores
839 3661 1098 3739 hendecasyllabos
1133 3660 1321 3736 expoliuerat,

176 3761 325 3820 duriorem
353 3759 479 3836 rhythmi
506 3770 535 3819 et
565 3760 704 3820 orationis
733 3760 855 3819 modum
888 3761 1042 3838 praeprue
1075 3761 1106 3818 in
1134 3759 1322 3836 pentametris

178 3858 334 3918 allectauit
380 3859 420 3918 Vt
442 3877 503 3919 uno
527 3859 662 3937 exemplo
683 3877 744 3918 rern
765 3860 888 3936 probem
911 3860 975 3918 solo
997 3858 1104 3918 CXVI.
1126 3861 1144 3916 8
1167 3877 1181 3916 s
1203 3858 1322 3916 finalem

176 3957 242 4016 elidi
271 3975 376 4034 passus
404 3968 456 4028 est,
482 3959 561 4035 quod
592 3968 625 4018 ut
651 3959 709 4017 iam
738 3959 931 4018 subrusticum
960 3975 1055 4017 nouos
1085 3967 1189 4034 poetas
1213 3955 1321 4032 fugisse

180 4055 250 4114 dicit
261 4054 366 4115 Cicero
381 4056 410 4114 in
422 4055 545 4116 Oratore
561 4055 576 4132 ξ
592 4060 655 4114 ror.
688 4054 773 4116 Haec
793 4057 990 4133 interpretatio
1004 4057 1028 4116 si
1043 4074 1113 4115 uera
1126 4065 1178 4125 est,
1193 4053 1324 4114 Catullus

176 4153 322 4229 elegiacos
345 4171 457 4225 uersus,
478 4154 579 4214 saltem
609 4155 766 4214 maximam
792 4167 912 4232 partem,
936 4166 985 4216 aut
1010 4155 1123 4231 scripsit
1145 4154 1323 4214 nouissimos

178 4261 227 4311 aut
249 4253 399 4330 scripsisse
422 4253 546 4313 creditur
568 4273 585 4312 a
604 4253 705 4311 Plinio.
