<?xml version="1.0" encoding="UTF-8"?>
<!DOCTYPE html PUBLIC "-//W3C//DTD XHTML 1.0 Transitional//EN"
    "http://www.w3.org/TR/xhtml1/DTD/xhtml1-transitional.dtd">
<html xmlns="http://www.w3.org/1999/xhtml" xml:lang="en" lang="en">
 <head>
  <title>
</title>
<meta http-equiv="Content-Type" content="text/html;charset=utf-8" />
  <meta name='ocr-system' content='tesseract 3.04.00' />
  <meta name='ocr-capabilities' content='ocr_page ocr_carea ocr_par ocr_line ocrx_word'/>
</head>
<body>
  <div class='ocr_page' id='page_1' title='image "./catulliliber00elligoog_0310.png"; bbox 0 0 3074 5066; ppageno 0'>
   <div class='ocr_carea' id='block_1_1' title="bbox 498 363 1286 426">
    <p class='ocr_par' dir='ltr' id='par_1_1' title="bbox 498 363 1286 426">
     <span class='ocr_line' id='line_1_1' title="bbox 498 363 1286 426; baseline -0.003 0"><span class='ocrx_word' id='word_1_1' title='bbox 498 364 724 426; x_wconf 85' lang='lat' dir='ltr'><strong>CARMINVM</strong></span> <span class='ocrx_word' id='word_1_2' title='bbox 749 363 938 426; x_wconf 82' lang='lat' dir='ltr'><strong>CATVLLI.</strong></span> <span class='ocrx_word' id='word_1_3' title='bbox 1229 369 1286 425; x_wconf 78' lang='lat'><strong><em>223</em></strong></span> 
     </span>
    </p>
   </div>
   <div class='ocr_carea' id='block_1_2' title="bbox 132 549 1302 3122">
    <p class='ocr_par' dir='ltr' id='par_1_2' title="bbox 132 549 1288 1036">
     <span class='ocr_line' id='line_1_2' title="bbox 134 549 1288 624; baseline 0.002 -18"><span class='ocrx_word' id='word_1_4' title='bbox 134 553 222 608; x_wconf 83' lang='grc' dir='ltr'><strong><em>κοινά.</em></strong></span> <span class='ocrx_word' id='word_1_5' title='bbox 269 551 342 606; x_wconf 73' lang='lat' dir='ltr'><strong>sart</strong></span> <span class='ocrx_word' id='word_1_6' title='bbox 362 551 455 622; x_wconf 86' lang='grc' dir='ltr'><strong><em>στέχον</em></strong></span> <span class='ocrx_word' id='word_1_7' title='bbox 474 551 521 620; x_wconf 75' lang='grc' dir='ltr'><strong><em>μέν</em></strong></span> <span class='ocrx_word' id='word_1_8' title='bbox 543 549 594 606; x_wconf 81' lang='grc' dir='ltr'><strong><em>ὅσα</em></strong></span> <span class='ocrx_word' id='word_1_9' title='bbox 617 551 668 608; x_wconf 59' lang='lat' dir='ltr'><strong>tut</strong></span> <span class='ocrx_word' id='word_1_10' title='bbox 695 555 741 607; x_wconf 83' lang='grc' dir='ltr'><strong><em>τοῦ</em></strong></span> <span class='ocrx_word' id='word_1_11' title='bbox 764 552 843 606; x_wconf 82' lang='grc' dir='ltr'><strong><em>αιἰτοῦ</em></strong></span> <span class='ocrx_word' id='word_1_12' title='bbox 865 553 960 624; x_wconf 78' lang='grc' dir='ltr'><strong><em>μέτρου</em></strong></span> <span class='ocrx_word' id='word_1_13' title='bbox 982 553 1182 624; x_wconf 78' lang='grc' dir='ltr'><strong><em>καταμιτρεῖται,</em></strong></span> <span class='ocrx_word' id='word_1_14' title='bbox 1200 551 1234 610; x_wconf 74' lang='lat' dir='ltr'><strong><em>les</em></strong></span> <span class='ocrx_word' id='word_1_15' title='bbox 1255 554 1288 608; x_wconf 82' lang='grc' dir='ltr'><strong><em>τδ</em></strong></span> 
     </span>
     <span class='ocr_line' id='line_1_3' title="bbox 132 646 1288 722; baseline 0.003 -17"><span class='ocrx_word' id='word_1_16' title='bbox 132 649 262 720; x_wconf 73' lang='grc' dir='ltr'><strong><em>Ὅμηρον</em></strong></span> <span class='ocrx_word' id='word_1_17' title='bbox 272 651 314 705; x_wconf 76' lang='grc' dir='ltr'><strong><em>καὶ</em></strong></span> <span class='ocrx_word' id='word_1_18' title='bbox 326 649 359 704; x_wconf 73' lang='lat' dir='ltr'><strong><em>nl</em></strong></span> <span class='ocrx_word' id='word_1_19' title='bbox 368 653 420 703; x_wconf 71' lang='grc' dir='ltr'><strong><em>τᾶν</em></strong></span> <span class='ocrx_word' id='word_1_20' title='bbox 428 649 556 705; x_wconf 76' lang='grc' dir='ltr'><strong><em>ι’ποποιέιν</em></strong></span> <span class='ocrx_word' id='word_1_21' title='bbox 565 651 623 718; x_wconf 73' lang='grc' dir='ltr'><strong><em>ἔπη·</em></strong></span> <span class='ocrx_word' id='word_1_22' title='bbox 636 654 845 722; x_wconf 75' lang='grc' dir='ltr'><strong><em>καταχρηστιιιῧτ</em></strong></span> <span class='ocrx_word' id='word_1_23' title='bbox 857 650 886 706; x_wconf 84' lang='grc' dir='ltr'><strong><em>δέ</em></strong></span> <span class='ocrx_word' id='word_1_24' title='bbox 900 646 946 705; x_wconf 81' lang='grc' dir='ltr'><strong><em>κάν</em></strong></span> <span class='ocrx_word' id='word_1_25' title='bbox 957 649 1007 704; x_wconf 67' lang='lat' dir='ltr'><strong><em>lul</em></strong></span> <span class='ocrx_word' id='word_1_26' title='bbox 1022 651 1108 705; x_wconf 77' lang='grc' dir='ltr'><strong><em>κόλου</em></strong></span> <span class='ocrx_word' id='word_1_27' title='bbox 1122 649 1288 722; x_wconf 72' lang='grc' dir='ltr'><strong><em>ἣκομμπέον</em></strong></span> 
     </span>
     <span class='ocr_line' id='line_1_4' title="bbox 136 749 694 820; baseline -0.002 -14"><span class='ocrx_word' id='word_1_28' title='bbox 136 749 175 806; x_wconf 71' lang='grc' dir='ltr'><strong><em>ὅτ</em></strong></span> <span class='ocrx_word' id='word_1_29' title='bbox 188 749 225 804; x_wconf 87' lang='grc' dir='ltr'><strong><em>τδ</em></strong></span> <span class='ocrx_word' id='word_1_30' title='bbox 241 749 434 820; x_wconf 73' lang='grc' dir='ltr'><strong><em>Καλλιμάχειον</em></strong></span> <span class='ocrx_word' id='word_1_31' title='bbox 446 751 524 802; x_wconf 82' lang='grc' dir='ltr'><strong><em>τοῦτο</em></strong></span> <span class='ocrx_word' id='word_1_32' title='bbox 536 749 694 818; x_wconf 70' lang='grc' dir='ltr'><strong><em>ποιημάτων.</em></strong></span> 
     </span>
     <span class='ocr_line' id='line_1_5' title="bbox 552 863 868 933; baseline 0.009 -14"><span class='ocrx_word' id='word_1_33' title='bbox 552 863 669 933; x_wconf 65' lang='lat' dir='ltr'><strong>insisti</strong></span> <span class='ocrx_word' id='word_1_34' title='bbox 684 865 868 922; x_wconf 62' lang='lat' dir='ltr'><strong>winlesores</strong></span> 
     </span>
     <span class='ocr_line' id='line_1_6' title="bbox 550 963 845 1036; baseline 0.01 -20"><span class='ocrx_word' id='word_1_35' title='bbox 550 963 598 1032; x_wconf 73' lang='grc' dir='ltr'><strong><em>τὴν</em></strong></span> <span class='ocrx_word' id='word_1_36' title='bbox 610 965 635 1017; x_wconf 91' lang='lat' dir='ltr'><strong><em>ol</em></strong></span> <span class='ocrx_word' id='word_1_37' title='bbox 648 964 717 1036; x_wconf 82' lang='grc' dir='ltr'><strong><em>φοσλ</em></strong></span> <span class='ocrx_word' id='word_1_38' title='bbox 730 964 845 1020; x_wconf 79' lang='grc' dir='ltr'><strong><em>τειδντει</em></strong></span> 
     </span>
    </p>

    <p class='ocr_par' dir='ltr' id='par_1_3' title="bbox 137 1077 1302 3122">
     <span class='ocr_line' id='line_1_7' title="bbox 137 1077 1285 1152; baseline 0.003 -21"><span class='ocrx_word' id='word_1_39' title='bbox 137 1079 340 1149; x_wconf 76' lang='grc' dir='ltr'><strong><em>καταμετρεῑται</em></strong></span> <span class='ocrx_word' id='word_1_40' title='bbox 365 1077 417 1150; x_wconf 78' lang='grc' dir='ltr'><strong><em>γάρ</em></strong></span> <span class='ocrx_word' id='word_1_41' title='bbox 439 1077 490 1133; x_wconf 76' lang='grc' dir='ltr'><strong><em>ὑπὸ</em></strong></span> <span class='ocrx_word' id='word_1_42' title='bbox 516 1079 651 1149; x_wconf 79' lang='grc' dir='ltr'><strong><em>ιιόμμσταςΙ</em></strong></span> <span class='ocrx_word' id='word_1_43' title='bbox 671 1078 883 1148; x_wconf 67' lang='lat' dir='ltr'><strong>intonuerunt,</strong></span> <span class='ocrx_word' id='word_1_44' title='bbox 912 1079 1069 1149; x_wconf 74' lang='grc' dir='ltr'><strong><em>καλουμένου</em></strong></span> <span class='ocrx_word' id='word_1_45' title='bbox 1095 1079 1285 1152; x_wconf 75' lang='grc' dir='ltr'><strong><em>Φερακρατεέον.</em></strong></span> 
     </span>
     <span class='ocr_line' id='line_1_8' title="bbox 138 1173 1286 1250; baseline 0.003 -21"><span class='ocrx_word' id='word_1_46' title='bbox 138 1176 328 1244; x_wconf 79' lang='grc' dir='ltr'><strong><em>Σιιστηματιτδ</em></strong></span> <span class='ocrx_word' id='word_1_47' title='bbox 347 1175 376 1229; x_wconf 79' lang='grc' dir='ltr'><strong><em>δὲ</em></strong></span> <span class='ocrx_word' id='word_1_48' title='bbox 396 1173 447 1229; x_wconf 81' lang='grc' dir='ltr'><strong><em>ὅσα</em></strong></span> <span class='ocrx_word' id='word_1_49' title='bbox 466 1175 516 1230; x_wconf 82' lang='grc' dir='ltr'><strong><em>ύπδ</em></strong></span> <span class='ocrx_word' id='word_1_50' title='bbox 533 1179 659 1232; x_wconf 76' lang='grc' dir='ltr'><strong><em>πλειόνων</em></strong></span> <span class='ocrx_word' id='word_1_51' title='bbox 671 1175 770 1250; x_wconf 83' lang='grc' dir='ltr'><strong><em>μέτρον</em></strong></span> <span class='ocrx_word' id='word_1_52' title='bbox 783 1177 820 1234; x_wconf 79' lang='grc' dir='ltr'><strong><em>εἶτ</em></strong></span> <span class='ocrx_word' id='word_1_53' title='bbox 838 1175 866 1232; x_wconf 70' lang='grc' dir='ltr'><strong><em>ἓν</em></strong></span> <span class='ocrx_word' id='word_1_54' title='bbox 882 1182 958 1246; x_wconf 75' lang='grc' dir='ltr'><strong><em>σῶμα</em></strong></span> <span class='ocrx_word' id='word_1_55' title='bbox 974 1177 1198 1250; x_wconf 75' lang='grc' dir='ltr'><strong><em>παραληφθέντων</em></strong></span> <span class='ocrx_word' id='word_1_56' title='bbox 1210 1199 1286 1232; x_wconf 83' lang='grc' dir='ltr'><strong><em>κατα-</em></strong></span> 
     </span>
     <span class='ocr_line' id='line_1_9' title="bbox 138 1271 1287 1348; baseline 0.003 -22"><span class='ocrx_word' id='word_1_57' title='bbox 138 1275 276 1344; x_wconf 79' lang='grc' dir='ltr'><strong><em>μετριῖται</em></strong></span> <span class='ocrx_word' id='word_1_58' title='bbox 289 1271 305 1341; x_wconf 76' lang='grc' dir='ltr'><em>ἦ</em></span> <span class='ocrx_word' id='word_1_59' title='bbox 320 1275 522 1345; x_wconf 62' lang='grc' dir='ltr'><strong><em>σνμπληροιπαι.</em></strong></span> <span class='ocrx_word' id='word_1_60' title='bbox 566 1275 650 1330; x_wconf 67' lang='lat' dir='ltr'><strong>Meni</strong></span> <span class='ocrx_word' id='word_1_61' title='bbox 667 1275 697 1330; x_wconf 81' lang='grc' dir='ltr'><strong><em>δέ</em></strong></span> <span class='ocrx_word' id='word_1_62' title='bbox 712 1273 763 1330; x_wconf 82' lang='grc' dir='ltr'><strong><em>ὅσα</em></strong></span> <span class='ocrx_word' id='word_1_63' title='bbox 779 1275 856 1348; x_wconf 72' lang='grc' dir='ltr'><strong><em>μέρος</em></strong></span> <span class='ocrx_word' id='word_1_64' title='bbox 869 1277 917 1344; x_wconf 88' lang='grc' dir='ltr'><strong><em>μέν</em></strong></span> <span class='ocrx_word' id='word_1_65' title='bbox 929 1297 955 1329; x_wconf 93' lang='grc' dir='ltr'><strong><em>τι</em></strong></span> <span class='ocrx_word' id='word_1_66' title='bbox 969 1275 1024 1346; x_wconf 80' lang='grc' dir='ltr'><strong><em>έχιι</em></strong></span> <span class='ocrx_word' id='word_1_67' title='bbox 1037 1275 1088 1331; x_wconf 79' lang='grc' dir='ltr'><strong><em>ὑπὸ</em></strong></span> <span class='ocrx_word' id='word_1_68' title='bbox 1102 1275 1197 1346; x_wconf 83' lang='grc' dir='ltr'><strong><em>στίχου</em></strong></span> <span class='ocrx_word' id='word_1_69' title='bbox 1210 1297 1287 1330; x_wconf 87' lang='grc' dir='ltr'><strong><em>κατα-</em></strong></span> 
     </span>
     <span class='ocr_line' id='line_1_10' title="bbox 138 1367 1302 1445; baseline 0.004 -22"><span class='ocrx_word' id='word_1_70' title='bbox 138 1367 328 1441; x_wconf 85' lang='grc' dir='ltr'><strong><em>μετρούμεναν,</em></strong></span> <span class='ocrx_word' id='word_1_71' title='bbox 351 1370 429 1443; x_wconf 72' lang='grc' dir='ltr'><strong><em>μέρος</em></strong></span> <span class='ocrx_word' id='word_1_72' title='bbox 452 1372 481 1426; x_wconf 83' lang='grc' dir='ltr'><strong><em>δέ</em></strong></span> <span class='ocrx_word' id='word_1_73' title='bbox 503 1373 705 1442; x_wconf 81' lang='grc' dir='ltr'><strong><em>συστηματικδν.</em></strong></span> <span class='ocrx_word' id='word_1_74' title='bbox 747 1375 827 1428; x_wconf 80' lang='grc' dir='ltr'><strong><em>Καινά</em></strong></span> <span class='ocrx_word' id='word_1_75' title='bbox 850 1373 879 1427; x_wconf 81' lang='grc' dir='ltr'><strong><em>δέ</em></strong></span> <span class='ocrx_word' id='word_1_76' title='bbox 901 1371 953 1428; x_wconf 81' lang='grc' dir='ltr'><strong><em>ὅσα</em></strong></span> <span class='ocrx_word' id='word_1_77' title='bbox 974 1373 1025 1428; x_wconf 85' lang='grc' dir='ltr'><strong><em>ύπδ</em></strong></span> <span class='ocrx_word' id='word_1_78' title='bbox 1049 1371 1216 1443; x_wconf 77' lang='grc' dir='ltr'><strong><em>σιιστὴματοι</em></strong></span> <span class='ocrx_word' id='word_1_79' title='bbox 1239 1376 1302 1445; x_wconf 80' lang='grc' dir='ltr'><strong><em>μέν.</em></strong></span> 
     </span>
     <span class='ocr_line' id='line_1_11' title="bbox 140 1467 1287 1546; baseline 0.003 -24"><span class='ocrx_word' id='word_1_80' title='bbox 140 1472 348 1540; x_wconf 71' lang='grc' dir='ltr'><strong><em>καταμετριῑται,</em></strong></span> <span class='ocrx_word' id='word_1_81' title='bbox 368 1470 432 1526; x_wconf 76' lang='grc' dir='ltr'><strong><em>αὺτδ</em></strong></span> <span class='ocrx_word' id='word_1_82' title='bbox 456 1471 484 1525; x_wconf 79' lang='grc' dir='ltr'><strong><em>δέ</em></strong></span> <span class='ocrx_word' id='word_1_83' title='bbox 505 1471 536 1525; x_wconf 89' lang='grc' dir='ltr'><strong><em>τδ</em></strong></span> <span class='ocrx_word' id='word_1_84' title='bbox 559 1469 683 1540; x_wconf 82' lang='grc' dir='ltr'><strong><em>σύστημα</em></strong></span> <span class='ocrx_word' id='word_1_85' title='bbox 708 1471 763 1542; x_wconf 79' lang='grc' dir='ltr'><strong><em>έχει</em></strong></span> <span class='ocrx_word' id='word_1_86' title='bbox 789 1468 976 1544; x_wconf 68' lang='grc' dir='ltr'><strong><em>πληρούμενον,</em></strong></span> <span class='ocrx_word' id='word_1_87' title='bbox 998 1467 1040 1526; x_wconf 83' lang='grc' dir='ltr'><strong><em>οἶα</em></strong></span> <span class='ocrx_word' id='word_1_88' title='bbox 1061 1471 1119 1526; x_wconf 83' lang='grc' dir='ltr'><strong><em>ε’στι</em></strong></span> <span class='ocrx_word' id='word_1_89' title='bbox 1142 1471 1175 1526; x_wconf 79' lang='grc' dir='ltr'><strong><em>νδ</em></strong></span> <span class='ocrx_word' id='word_1_90' title='bbox 1198 1471 1227 1526; x_wconf 81' lang='grc' dir='ltr'><strong><em>έν</em></strong></span> <span class='ocrx_word' id='word_1_91' title='bbox 1249 1477 1287 1546; x_wconf 68' lang='grc' dir='ltr'><strong><em>τῷ</em></strong></span> 
     </span>
     <span class='ocr_line' id='line_1_12' title="bbox 141 1565 1285 1644; baseline 0.003 -24"><span class='ocrx_word' id='word_1_92' title='bbox 141 1566 254 1642; x_wconf 77' lang='grc' dir='ltr'><strong><em>δτπέραρ</em></strong></span> <span class='ocrx_word' id='word_1_93' title='bbox 268 1569 310 1622; x_wconf 79' lang='grc' dir='ltr'><strong><em>καλ</em></strong></span> <span class='ocrx_word' id='word_1_94' title='bbox 328 1565 407 1644; x_wconf 82' lang='grc' dir='ltr'><strong><em>τρέτηι</em></strong></span> <span class='ocrx_word' id='word_1_95' title='bbox 421 1571 551 1640; x_wconf 70' lang='grc' dir='ltr'><strong><em>Σαπφοῦς,</em></strong></span> <span class='ocrx_word' id='word_1_96' title='bbox 566 1570 594 1623; x_wconf 80' lang='grc' dir='ltr'><strong><em>έν</em></strong></span> <span class='ocrx_word' id='word_1_97' title='bbox 610 1565 648 1626; x_wconf 78' lang='grc' dir='ltr'><strong><em>οἷς</em></strong></span> <span class='ocrx_word' id='word_1_98' title='bbox 661 1572 851 1641; x_wconf 78' lang='grc' dir='ltr'><strong><em>καταμετριῖται</em></strong></span> <span class='ocrx_word' id='word_1_99' title='bbox 868 1571 916 1640; x_wconf 79' lang='grc' dir='ltr'><strong><em>μέν</em></strong></span> <span class='ocrx_word' id='word_1_100' title='bbox 929 1569 980 1624; x_wconf 66' lang='lat' dir='ltr'><strong><em>lul</em></strong></span> <span class='ocrx_word' id='word_1_101' title='bbox 996 1569 1135 1641; x_wconf 73' lang='grc' dir='ltr'><strong><em>διστιχίαν,</em></strong></span> <span class='ocrx_word' id='word_1_102' title='bbox 1148 1569 1210 1638; x_wconf 80' lang='grc' dir='ltr'><strong><em>σι’πι)</em></strong></span> <span class='ocrx_word' id='word_1_103' title='bbox 1227 1570 1255 1624; x_wconf 78' lang='grc' dir='ltr'><strong><em>δέ</em></strong></span> <span class='ocrx_word' id='word_1_104' title='bbox 1269 1569 1285 1638; x_wconf 80' lang='grc' dir='ltr'><em>ἡ</em></span> 
     </span>
     <span class='ocr_line' id='line_1_13' title="bbox 141 1663 1285 1743; baseline 0.006 -26"><span class='ocrx_word' id='word_1_105' title='bbox 141 1663 261 1735; x_wconf 63' lang='lat' dir='ltr'><strong>&amp;maxia</strong></span> <span class='ocrx_word' id='word_1_106' title='bbox 282 1667 358 1735; x_wconf 79' lang='grc' dir='ltr'><strong><em>ὁμοία</em></strong></span> <span class='ocrx_word' id='word_1_107' title='bbox 372 1666 438 1723; x_wconf 73' lang='grc' dir='ltr'><strong><em>ἐστι’.</em></strong></span> <span class='ocrx_word' id='word_1_108' title='bbox 479 1664 525 1723; x_wconf 86' lang='lat' dir='ltr'><strong><em>Ex</em></strong></span> <span class='ocrx_word' id='word_1_109' title='bbox 541 1665 586 1725; x_wconf 91' lang='lat' dir='ltr'><strong><em>his</em></strong></span> <span class='ocrx_word' id='word_1_110' title='bbox 601 1675 720 1742; x_wconf 87' lang='lat' dir='ltr'><strong>apparet</strong></span> <span class='ocrx_word' id='word_1_111' title='bbox 733 1665 983 1743; x_wconf 81' lang='lat' dir='ltr'><strong>Hephaestionem</strong></span> <span class='ocrx_word' id='word_1_112' title='bbox 1002 1675 1158 1742; x_wconf 81' lang='lat' dir='ltr'><strong>systemata</strong></span> <span class='ocrx_word' id='word_1_113' title='bbox 1176 1665 1206 1722; x_wconf 91' lang='lat' dir='ltr'><strong>in</strong></span> <span class='ocrx_word' id='word_1_114' title='bbox 1223 1683 1285 1724; x_wconf 88' lang='lat' dir='ltr'><strong>car-</strong></span> 
     </span>
     <span class='ocr_line' id='line_1_14' title="bbox 141 1761 1285 1842; baseline 0.002 -24"><span class='ocrx_word' id='word_1_115' title='bbox 141 1761 273 1820; x_wconf 84' lang='lat' dir='ltr'><strong>minibus</strong></span> <span class='ocrx_word' id='word_1_116' title='bbox 291 1765 354 1818; x_wconf 75' lang='grc' dir='ltr'><strong><em>αατὰ</em></strong></span> <span class='ocrx_word' id='word_1_117' title='bbox 371 1765 465 1836; x_wconf 73' lang='grc' dir='ltr'><strong><em>στίχον</em></strong></span> <span class='ocrx_word' id='word_1_118' title='bbox 478 1765 656 1840; x_wconf 87' lang='lat' dir='ltr'><strong>compositis,</strong></span> <span class='ocrx_word' id='word_1_119' title='bbox 671 1765 766 1842; x_wconf 82' lang='lat' dir='ltr'><strong>qualia</strong></span> <span class='ocrx_word' id='word_1_120' title='bbox 779 1763 884 1824; x_wconf 90' lang='lat' dir='ltr'><strong>Catulli</strong></span> <span class='ocrx_word' id='word_1_121' title='bbox 898 1773 966 1824; x_wconf 90' lang='lat' dir='ltr'><strong>sunt</strong></span> <span class='ocrx_word' id='word_1_122' title='bbox 979 1762 1040 1822; x_wconf 81' lang='lat' dir='ltr'><strong>lere</strong></span> <span class='ocrx_word' id='word_1_123' title='bbox 1053 1763 1160 1832; x_wconf 91' lang='lat' dir='ltr'><strong>omnia,</strong></span> <span class='ocrx_word' id='word_1_124' title='bbox 1175 1762 1205 1820; x_wconf 91' lang='lat' dir='ltr'><strong>in</strong></span> <span class='ocrx_word' id='word_1_125' title='bbox 1222 1763 1285 1821; x_wconf 91' lang='lat' dir='ltr'><strong>uni-</strong></span> 
     </span>
     <span class='ocr_line' id='line_1_15' title="bbox 140 1861 1285 1939; baseline 0.003 -23"><span class='ocrx_word' id='word_1_126' title='bbox 140 1877 262 1918; x_wconf 89' lang='lat' dir='ltr'><strong>uersum</strong></span> <span class='ocrx_word' id='word_1_127' title='bbox 283 1879 345 1920; x_wconf 92' lang='lat' dir='ltr'><strong><em>non</em></strong></span> <span class='ocrx_word' id='word_1_128' title='bbox 359 1861 508 1936; x_wconf 88' lang='lat' dir='ltr'><strong>posuisse;</strong></span> <span class='ocrx_word' id='word_1_129' title='bbox 539 1862 673 1939; x_wconf 86' lang='lat' dir='ltr'><strong>quamuis</strong></span> <span class='ocrx_word' id='word_1_130' title='bbox 700 1873 797 1922; x_wconf 84' lang='lat' dir='ltr'><strong>essent</strong></span> <span class='ocrx_word' id='word_1_131' title='bbox 823 1871 961 1939; x_wconf 82' lang='lat' dir='ltr'><strong>poemata</strong></span> <span class='ocrx_word' id='word_1_132' title='bbox 983 1862 1033 1920; x_wconf 87' lang='lat' dir='ltr'><strong>ubi</strong></span> <span class='ocrx_word' id='word_1_133' title='bbox 1058 1879 1125 1920; x_wconf 90' lang='lat' dir='ltr'><strong><em>cum</em></strong></span> <span class='ocrx_word' id='word_1_134' title='bbox 1152 1861 1285 1920; x_wconf 89' lang='lat' dir='ltr'><strong>uersibus</strong></span> 
     </span>
     <span class='ocr_line' id='line_1_16' title="bbox 142 1959 1285 2041; baseline 0.006 -28"><span class='ocrx_word' id='word_1_135' title='bbox 142 1961 207 2014; x_wconf 74' lang='grc' dir='ltr'><strong><em>κατὰ</em></strong></span> <span class='ocrx_word' id='word_1_136' title='bbox 221 1961 317 2031; x_wconf 76' lang='grc' dir='ltr'><strong><em>στίχοι</em></strong></span> <span class='ocrx_word' id='word_1_137' title='bbox 330 1959 536 2019; x_wconf 86' lang='lat' dir='ltr'><strong>alternarentur</strong></span> <span class='ocrx_word' id='word_1_138' title='bbox 555 1961 730 2038; x_wconf 88' lang='lat' dir='ltr'><strong>systematici</strong></span> <span class='ocrx_word' id='word_1_139' title='bbox 748 1959 859 2041; x_wconf 76' lang='grc' dir='ltr'><strong><em>(μικτὰ),</em></strong></span> <span class='ocrx_word' id='word_1_140' title='bbox 874 1970 971 2020; x_wconf 88' lang='lat' dir='ltr'><strong>essent</strong></span> <span class='ocrx_word' id='word_1_141' title='bbox 989 1961 1077 2020; x_wconf 84' lang='lat' dir='ltr'><strong>etiam</strong></span> <span class='ocrx_word' id='word_1_142' title='bbox 1095 1961 1145 2018; x_wconf 90' lang='lat' dir='ltr'><strong>ubi</strong></span> <span class='ocrx_word' id='word_1_143' title='bbox 1160 1960 1210 2037; x_wconf 92' lang='lat' dir='ltr'><strong>qui</strong></span> <span class='ocrx_word' id='word_1_144' title='bbox 1223 1961 1285 2020; x_wconf 89' lang='lat' dir='ltr'><strong>aliis</strong></span> 
     </span>
     <span class='ocr_line' id='line_1_17' title="bbox 142 2057 1285 2140; baseline 0.003 -26"><span class='ocrx_word' id='word_1_145' title='bbox 142 2059 208 2114; x_wconf 77' lang='grc' dir='ltr'><strong><em>κατὰ</em></strong></span> <span class='ocrx_word' id='word_1_146' title='bbox 242 2061 337 2132; x_wconf 68' lang='grc' dir='ltr'><strong><em>στίχον</em></strong></span> <span class='ocrx_word' id='word_1_147' title='bbox 372 2059 464 2130; x_wconf 85' lang='lat' dir='ltr'><strong>diuisi,</strong></span> <span class='ocrx_word' id='word_1_148' title='bbox 493 2060 553 2120; x_wconf 84' lang='lat' dir='ltr'><strong>aliis</strong></span> <span class='ocrx_word' id='word_1_149' title='bbox 587 2064 651 2118; x_wconf 80' lang='grc' dir='ltr'><strong><em>κατὰ</em></strong></span> <span class='ocrx_word' id='word_1_150' title='bbox 684 2063 808 2133; x_wconf 79' lang='grc' dir='ltr'><strong><em>σύστημα</em></strong></span> <span class='ocrx_word' id='word_1_151' title='bbox 838 2061 1004 2120; x_wconf 87' lang='lat' dir='ltr'><strong>uiderentur</strong></span> <span class='ocrx_word' id='word_1_152' title='bbox 1036 2057 1147 2140; x_wconf 81' lang='grc' dir='ltr'><strong><em>(κοινά).</em></strong></span> <span class='ocrx_word' id='word_1_153' title='bbox 1201 2059 1285 2118; x_wconf 88' lang='lat' dir='ltr'><strong>Idem</strong></span> 
     </span>
     <span class='ocr_line' id='line_1_18' title="bbox 144 2155 1286 2236; baseline 0.004 -22"><span class='ocrx_word' id='word_1_154' title='bbox 144 2163 244 2214; x_wconf 79' lang='lat' dir='ltr'><strong>tamen</strong></span> <span class='ocrx_word' id='word_1_155' title='bbox 265 2157 295 2214; x_wconf 91' lang='lat' dir='ltr'><strong>in</strong></span> <span class='ocrx_word' id='word_1_156' title='bbox 315 2155 405 2216; x_wconf 83' lang='lat' dir='ltr'><strong>altero</strong></span> <span class='ocrx_word' id='word_1_157' title='bbox 425 2158 499 2218; x_wconf 89' lang='lat' dir='ltr'><strong>libro</strong></span> <span class='ocrx_word' id='word_1_158' title='bbox 513 2177 601 2236; x_wconf 89' lang='lat' dir='ltr'><strong>quem</strong></span> <span class='ocrx_word' id='word_1_159' title='bbox 618 2162 678 2234; x_wconf 71' lang='grc' dir='ltr'><strong><em>περὶ</em></strong></span> <span class='ocrx_word' id='word_1_160' title='bbox 693 2159 833 2232; x_wconf 76' lang='grc' dir='ltr'><strong><em>ποιήματος</em></strong></span> <span class='ocrx_word' id='word_1_161' title='bbox 846 2159 960 2236; x_wconf 82' lang='lat' dir='ltr'><strong>scnpsit</strong></span> <span class='ocrx_word' id='word_1_162' title='bbox 973 2157 1142 2236; x_wconf 84' lang='lat' dir='ltr'><strong>pleniorem,</strong></span> <span class='ocrx_word' id='word_1_163' title='bbox 1158 2166 1286 2234; x_wconf 83' lang='lat' dir='ltr'><strong>systema</strong></span> 
     </span>
     <span class='ocr_line' id='line_1_19' title="bbox 142 2252 1284 2333; baseline 0 -21"><span class='ocrx_word' id='word_1_164' title='bbox 142 2252 229 2314; x_wconf 87' lang='lat' dir='ltr'><strong>latius</strong></span> <span class='ocrx_word' id='word_1_165' title='bbox 248 2255 290 2314; x_wconf 84' lang='lat' dir='ltr'><strong><em>sic</em></strong></span> <span class='ocrx_word' id='word_1_166' title='bbox 309 2255 415 2316; x_wconf 80' lang='lat' dir='ltr'><strong>definit.</strong></span> <span class='ocrx_word' id='word_1_167' title='bbox 432 2255 447 2332; x_wconf 59' lang='grc' dir='ltr'><em>ᾗ</em></span> <span class='ocrx_word' id='word_1_168' title='bbox 465 2275 521 2333; x_wconf 85' lang='lat'><strong><em>¹¹9</em></strong></span> <span class='ocrx_word' id='word_1_169' title='bbox 541 2255 663 2328; x_wconf 86' lang='grc' dir='ltr'><strong><em>σύστημα</em></strong></span> <span class='ocrx_word' id='word_1_170' title='bbox 683 2259 742 2315; x_wconf 86' lang='grc' dir='ltr'><strong><em>έστι</em></strong></span> <span class='ocrx_word' id='word_1_171' title='bbox 758 2257 858 2332; x_wconf 79' lang='grc' dir='ltr'><strong><em>μέτρων</em></strong></span> <span class='ocrx_word' id='word_1_172' title='bbox 874 2257 1021 2331; x_wconf 67' lang='grc' dir='ltr'><strong><em>συναγωγὴ,</em></strong></span> <span class='ocrx_word' id='word_1_173' title='bbox 1036 2261 1092 2328; x_wconf 73' lang='grc' dir='ltr'><strong><em>ἤτοι</em></strong></span> <span class='ocrx_word' id='word_1_174' title='bbox 1105 2255 1153 2313; x_wconf 84' lang='grc' dir='ltr'><strong><em>δύο</em></strong></span> <span class='ocrx_word' id='word_1_175' title='bbox 1166 2256 1182 2327; x_wconf 74' lang='grc' dir='ltr'>ἦ</span> <span class='ocrx_word' id='word_1_176' title='bbox 1195 2261 1284 2313; x_wconf 82' lang='grc' dir='ltr'><strong><em>πλειό-</em></strong></span> 
     </span>
     <span class='ocr_line' id='line_1_20' title="bbox 142 2351 1286 2430; baseline 0.003 -21"><span class='ocrx_word' id='word_1_177' title='bbox 142 2377 202 2424; x_wconf 76' lang='grc' dir='ltr'><strong><em>ναν,</em></strong></span> <span class='ocrx_word' id='word_1_178' title='bbox 216 2353 232 2424; x_wconf 75' lang='grc' dir='ltr'><em>ἢ</em></span> <span class='ocrx_word' id='word_1_179' title='bbox 246 2351 370 2426; x_wconf 74' lang='grc' dir='ltr'><strong><em>δμσέιινῆ</em></strong></span> <span class='ocrx_word' id='word_1_180' title='bbox 387 2356 521 2428; x_wconf 77' lang='grc' dir='ltr'><strong><em>ἀνομοίαν·</em></strong></span> <span class='ocrx_word' id='word_1_181' title='bbox 540 2358 667 2428; x_wconf 86' lang='grc' dir='ltr'><strong><em>άνομσέιιν</em></strong></span> <span class='ocrx_word' id='word_1_182' title='bbox 685 2357 741 2428; x_wconf 88' lang='grc' dir='ltr'><strong><em>μέν,</em></strong></span> <span class='ocrx_word' id='word_1_183' title='bbox 756 2357 791 2414; x_wconf 79' lang='grc' dir='ltr'><strong><em>ὧι</em></strong></span> <span class='ocrx_word' id='word_1_184' title='bbox 811 2358 843 2413; x_wconf 80' lang='grc' dir='ltr'><strong><em>τά</em></strong></span> <span class='ocrx_word' id='word_1_185' title='bbox 864 2357 975 2430; x_wconf 79' lang='grc' dir='ltr'><strong><em>έλτγεῖσ,</em></strong></span> <span class='ocrx_word' id='word_1_186' title='bbox 996 2355 1137 2428; x_wconf 74' lang='grc' dir='ltr'><strong><em>ἑξαμέτρου</em></strong></span> <span class='ocrx_word' id='word_1_187' title='bbox 1156 2357 1207 2429; x_wconf 87' lang='grc' dir='ltr'><strong><em>γάρ</em></strong></span> <span class='ocrx_word' id='word_1_188' title='bbox 1228 2357 1286 2412; x_wconf 84' lang='grc' dir='ltr'><strong><em>έστι</em></strong></span> 
     </span>
     <span class='ocr_line' id='line_1_21' title="bbox 143 2451 1286 2530; baseline 0.002 -24"><span class='ocrx_word' id='word_1_189' title='bbox 143 2454 209 2524; x_wconf 77' lang='grc' dir='ltr'><strong><em>πρὸς</em></strong></span> <span class='ocrx_word' id='word_1_190' title='bbox 229 2455 404 2527; x_wconf 82' lang='grc' dir='ltr'><strong><em>πεντάμετρον</em></strong></span> <span class='ocrx_word' id='word_1_191' title='bbox 425 2457 541 2512; x_wconf 72' lang='grc' dir='ltr'><strong><em>κοινωνία</em></strong></span> <span class='ocrx_word' id='word_1_192' title='bbox 561 2457 602 2512; x_wconf 84' lang='grc' dir='ltr'><strong><em>καλ</em></strong></span> <span class='ocrx_word' id='word_1_193' title='bbox 622 2457 648 2511; x_wconf 88' lang='lat' dir='ltr'><strong><em>ol</em></strong></span> <span class='ocrx_word' id='word_1_194' title='bbox 663 2456 767 2530; x_wconf 81' lang='grc' dir='ltr'><strong><em>έπηιδοέ·</em></strong></span> <span class='ocrx_word' id='word_1_195' title='bbox 788 2456 819 2511; x_wconf 91' lang='grc' dir='ltr'><strong><em>τδ</em></strong></span> <span class='ocrx_word' id='word_1_196' title='bbox 840 2456 870 2510; x_wconf 78' lang='grc' dir='ltr'><strong><em>δέ</em></strong></span> <span class='ocrx_word' id='word_1_197' title='bbox 890 2455 920 2526; x_wconf 57' lang='lat' dir='ltr'><strong><em>i}</em></strong></span> <span class='ocrx_word' id='word_1_198' title='bbox 941 2451 1044 2525; x_wconf 81' lang='grc' dir='ltr'><strong><em>ύμσέαν,</em></strong></span> <span class='ocrx_word' id='word_1_199' title='bbox 1059 2454 1092 2511; x_wconf 76' lang='grc' dir='ltr'><strong><em>ὣς</em></strong></span> <span class='ocrx_word' id='word_1_200' title='bbox 1113 2454 1145 2508; x_wconf 85' lang='grc' dir='ltr'><strong><em>τὸ</em></strong></span> <span class='ocrx_word' id='word_1_201' title='bbox 1167 2451 1286 2526; x_wconf 79' lang='grc' dir='ltr'><strong><em>δεύτερον</em></strong></span> 
     </span>
     <span class='ocr_line' id='line_1_22' title="bbox 142 2550 1285 2629; baseline -0.002 -20"><span class='ocrx_word' id='word_1_202' title='bbox 142 2554 275 2626; x_wconf 72' lang='grc' dir='ltr'><strong><em>Σαπφοῦς,</em></strong></span> <span class='ocrx_word' id='word_1_203' title='bbox 297 2553 331 2610; x_wconf 72' lang='lat' dir='ltr'><strong>lus</strong></span> <span class='ocrx_word' id='word_1_204' title='bbox 350 2555 483 2626; x_wconf 81' lang='grc' dir='ltr'><strong><em>προῖόιτιτ</em></strong></span> <span class='ocrx_word' id='word_1_205' title='bbox 502 2555 627 2626; x_wconf 71' lang='grc' dir='ltr'><strong><em>δείξομεν.</em></strong></span> <span class='ocrx_word' id='word_1_206' title='bbox 668 2553 759 2626; x_wconf 91' lang='lat' dir='ltr'><strong>Quod</strong></span> <span class='ocrx_word' id='word_1_207' title='bbox 773 2553 814 2612; x_wconf 90' lang='lat' dir='ltr'><strong><em>sic</em></strong></span> <span class='ocrx_word' id='word_1_208' title='bbox 828 2553 922 2629; x_wconf 85' lang='lat' dir='ltr'><strong>pergit</strong></span> <span class='ocrx_word' id='word_1_209' title='bbox 935 2551 1039 2612; x_wconf 79' lang='lat' dir='ltr'><strong>facere.</strong></span> <span class='ocrx_word' id='word_1_210' title='bbox 1055 2550 1070 2627; x_wconf 64' lang='grc' dir='ltr'><strong>ξ</strong></span> <span class='ocrx_word' id='word_1_211' title='bbox 1088 2569 1145 2610; x_wconf 85' lang='grc' dir='ltr'><strong><em>ιιο</em></strong></span> <span class='ocrx_word' id='word_1_212' title='bbox 1166 2553 1238 2607; x_wconf 62' lang='lat' dir='ltr'><strong><em>:ool</em></strong></span> <span class='ocrx_word' id='word_1_213' title='bbox 1256 2553 1285 2607; x_wconf 74' lang='grc' dir='ltr'><strong><em>δὲ</em></strong></span> 
     </span>
     <span class='ocr_line' id='line_1_23' title="bbox 142 2649 1286 2729; baseline 0 -23"><span class='ocrx_word' id='word_1_214' title='bbox 142 2652 232 2723; x_wconf 80' lang='grc' dir='ltr'><strong><em>γινικδ</em></strong></span> <span class='ocrx_word' id='word_1_215' title='bbox 251 2652 317 2723; x_wconf 80' lang='grc' dir='ltr'><strong><em>άπερ</em></strong></span> <span class='ocrx_word' id='word_1_216' title='bbox 336 2653 378 2708; x_wconf 73' lang='grc' dir='ltr'><strong><em>καὶ</em></strong></span> <span class='ocrx_word' id='word_1_217' title='bbox 391 2654 406 2706; x_wconf 80' lang='grc' dir='ltr'><strong><em>ά</em></strong></span> <span class='ocrx_word' id='word_1_218' title='bbox 420 2654 483 2708; x_wconf 81' lang='grc' dir='ltr'><strong><em>κατὰ</em></strong></span> <span class='ocrx_word' id='word_1_219' title='bbox 503 2653 597 2726; x_wconf 79' lang='grc' dir='ltr'><strong><em>στίχον</em></strong></span> <span class='ocrx_word' id='word_1_220' title='bbox 612 2653 760 2726; x_wconf 79' lang='grc' dir='ltr'><strong><em>γεγράφθαι</em></strong></span> <span class='ocrx_word' id='word_1_221' title='bbox 778 2654 889 2726; x_wconf 84' lang='grc' dir='ltr'><strong><em>φάσκων</em></strong></span> <span class='ocrx_word' id='word_1_222' title='bbox 907 2652 985 2725; x_wconf 66' lang='lat' dir='ltr'><strong>ulyssis</strong></span> <span class='ocrx_word' id='word_1_223' title='bbox 1003 2649 1035 2706; x_wconf 80' lang='grc' dir='ltr'><strong><em>δν</em></strong></span> <span class='ocrx_word' id='word_1_224' title='bbox 1047 2650 1123 2729; x_wconf 86' lang='grc' dir='ltr'><strong><em>λέγοι</em></strong></span> <span class='ocrx_word' id='word_1_225' title='bbox 1140 2652 1181 2706; x_wconf 72' lang='lat' dir='ltr'><strong><em>nul</em></strong></span> <span class='ocrx_word' id='word_1_226' title='bbox 1194 2654 1209 2706; x_wconf 83' lang='grc' dir='ltr'>ὁ</span> <span class='ocrx_word' id='word_1_227' title='bbox 1222 2653 1286 2707; x_wconf 78' lang='grc' dir='ltr'><strong><em>κατὰ</em></strong></span> 
     </span>
     <span class='ocr_line' id='line_1_24' title="bbox 142 2748 1284 2824; baseline -0.001 -18"><span class='ocrx_word' id='word_1_228' title='bbox 142 2748 276 2821; x_wconf 86' lang='grc' dir='ltr'><strong><em>σύστημα,</em></strong></span> <span class='ocrx_word' id='word_1_229' title='bbox 290 2752 324 2808; x_wconf 70' lang='grc' dir='ltr'><strong><em>ὣς</em></strong></span> <span class='ocrx_word' id='word_1_230' title='bbox 338 2751 369 2806; x_wconf 89' lang='grc' dir='ltr'><strong><em>τδ</em></strong></span> <span class='ocrx_word' id='word_1_231' title='bbox 381 2748 502 2823; x_wconf 66' lang='grc' dir='ltr'><strong><em>δεύτερον</em></strong></span> <span class='ocrx_word' id='word_1_232' title='bbox 515 2753 556 2807; x_wconf 75' lang='grc' dir='ltr'><strong><em>καὶ</em></strong></span> <span class='ocrx_word' id='word_1_233' title='bbox 569 2751 656 2824; x_wconf 89' lang='grc' dir='ltr'><strong><em>τρέτσν</em></strong></span> <span class='ocrx_word' id='word_1_234' title='bbox 669 2754 799 2824; x_wconf 74' lang='grc' dir='ltr'><strong><em>Σαπφοῦς.</em></strong></span> <span class='ocrx_word' id='word_1_235' title='bbox 841 2751 891 2806; x_wconf 79' lang='grc' dir='ltr'><strong><em>Διᾶ</em></strong></span> <span class='ocrx_word' id='word_1_236' title='bbox 902 2751 950 2820; x_wconf 84' lang='grc' dir='ltr'><strong><em>μέν</em></strong></span> <span class='ocrx_word' id='word_1_237' title='bbox 966 2752 1017 2823; x_wconf 75' lang='grc' dir='ltr'><strong><em>γάρ</em></strong></span> <span class='ocrx_word' id='word_1_238' title='bbox 1032 2750 1064 2804; x_wconf 84' lang='grc' dir='ltr'><strong><em>τὸ</em></strong></span> <span class='ocrx_word' id='word_1_239' title='bbox 1077 2751 1105 2805; x_wconf 84' lang='grc' dir='ltr'><strong><em>έν</em></strong></span> <span class='ocrx_word' id='word_1_240' title='bbox 1118 2751 1175 2806; x_wconf 72' lang='grc' dir='ltr'><strong><em>τοῖς</em></strong></span> <span class='ocrx_word' id='word_1_241' title='bbox 1189 2751 1284 2805; x_wconf 86' lang='grc' dir='ltr'><strong><em>παλαι-</em></strong></span> 
     </span>
     <span class='ocr_line' id='line_1_25' title="bbox 142 2844 1286 2924; baseline 0 -22"><span class='ocrx_word' id='word_1_242' title='bbox 142 2851 182 2906; x_wconf 75' lang='lat' dir='ltr'><strong><em>ais</em></strong></span> <span class='ocrx_word' id='word_1_243' title='bbox 194 2847 364 2920; x_wconf 84' lang='grc' dir='ltr'><strong><em>άντιγράφοιι·</em></strong></span> <span class='ocrx_word' id='word_1_244' title='bbox 376 2850 440 2903; x_wconf 80' lang='grc' dir='ltr'><strong><em>κατὰ</em></strong></span> <span class='ocrx_word' id='word_1_245' title='bbox 456 2847 504 2904; x_wconf 85' lang='grc' dir='ltr'><strong><em>δύο</em></strong></span> <span class='ocrx_word' id='word_1_246' title='bbox 522 2850 585 2922; x_wconf 84' lang='grc' dir='ltr'><strong><em>δρᾷν</em></strong></span> <span class='ocrx_word' id='word_1_247' title='bbox 597 2851 843 2924; x_wconf 80' lang='grc' dir='ltr'><strong><em>παρσγεγραμμένον</em></strong></span> <span class='ocrx_word' id='word_1_248' title='bbox 855 2848 965 2904; x_wconf 74' lang='grc' dir='ltr'><strong><em>δισστον</em></strong></span> <span class='ocrx_word' id='word_1_249' title='bbox 982 2844 1053 2920; x_wconf 74' lang='grc' dir='ltr'><strong><em>ᾆσμα</em></strong></span> <span class='ocrx_word' id='word_1_250' title='bbox 1073 2849 1115 2903; x_wconf 78' lang='grc' dir='ltr'><strong><em>καλ</em></strong></span> <span class='ocrx_word' id='word_1_251' title='bbox 1134 2849 1173 2902; x_wconf 70' lang='grc' dir='ltr'><strong><em>ἔτι</em></strong></span> <span class='ocrx_word' id='word_1_252' title='bbox 1193 2847 1235 2903; x_wconf 84' lang='grc' dir='ltr'><strong><em>διδ</em></strong></span> <span class='ocrx_word' id='word_1_253' title='bbox 1254 2848 1286 2904; x_wconf 87' lang='grc' dir='ltr'><strong><em>τδ</em></strong></span> 
     </span>
     <span class='ocr_line' id='line_1_26' title="bbox 141 2943 1286 3020; baseline -0.001 -19"><span class='ocrx_word' id='word_1_254' title='bbox 141 2947 223 3016; x_wconf 71' lang='grc' dir='ltr'><strong><em>μηδὲν</em></strong></span> <span class='ocrx_word' id='word_1_255' title='bbox 243 2943 409 3018; x_wconf 80' lang='grc' dir='ltr'><strong><em>τύρέσκεσθαι</em></strong></span> <span class='ocrx_word' id='word_1_256' title='bbox 428 2946 537 3020; x_wconf 81' lang='grc' dir='ltr'><strong><em>άριθμοΰ</em></strong></span> <span class='ocrx_word' id='word_1_257' title='bbox 555 2952 687 3020; x_wconf 76' lang='grc' dir='ltr'><strong><em>περιττοῦ,</em></strong></span> <span class='ocrx_word' id='word_1_258' title='bbox 703 2949 766 3003; x_wconf 80' lang='grc' dir='ltr'><strong><em>κατέι</em></strong></span> <span class='ocrx_word' id='word_1_259' title='bbox 786 2947 941 3017; x_wconf 75' lang='grc' dir='ltr'><strong><em>συστήματα</em></strong></span> <span class='ocrx_word' id='word_1_260' title='bbox 961 2945 1095 3016; x_wconf 72' lang='grc' dir='ltr'><strong><em>νομίζομεν</em></strong></span> <span class='ocrx_word' id='word_1_261' title='bbox 1112 2945 1178 3000; x_wconf 85' lang='grc' dir='ltr'><strong><em>αύτδ</em></strong></span> <span class='ocrx_word' id='word_1_262' title='bbox 1192 2947 1286 3020; x_wconf 68' lang='grc' dir='ltr'><strong><em>γεγρά-</em></strong></span> 
     </span>
     <span class='ocr_line' id='line_1_27' title="bbox 143 3041 1285 3122; baseline 0.002 -24"><span class='ocrx_word' id='word_1_263' title='bbox 143 3045 218 3116; x_wconf 84' lang='grc' dir='ltr'><strong><em>φθαι·</em></strong></span> <span class='ocrx_word' id='word_1_264' title='bbox 240 3047 320 3099; x_wconf 80' lang='grc' dir='ltr'><strong><em>πάλιν</em></strong></span> <span class='ocrx_word' id='word_1_265' title='bbox 339 3045 369 3100; x_wconf 74' lang='grc' dir='ltr'><strong><em>δι’</em></strong></span> <span class='ocrx_word' id='word_1_266' title='bbox 390 3049 427 3122; x_wconf 68' lang='grc' dir='ltr'><strong><em>τῷ</em></strong></span> <span class='ocrx_word' id='word_1_267' title='bbox 447 3045 536 3116; x_wconf 84' lang='grc' dir='ltr'><strong><em>ὅμοιον</em></strong></span> <span class='ocrx_word' id='word_1_268' title='bbox 556 3047 676 3118; x_wconf 79' lang='grc' dir='ltr'><strong><em>έκάτιρσν</em></strong></span> <span class='ocrx_word' id='word_1_269' title='bbox 697 3041 762 3102; x_wconf 72' lang='grc' dir='ltr'><strong><em>εἶναι</em></strong></span> <span class='ocrx_word' id='word_1_270' title='bbox 785 3050 837 3100; x_wconf 77' lang='grc' dir='ltr'><strong><em>τῶν</em></strong></span> <span class='ocrx_word' id='word_1_271' title='bbox 860 3045 888 3100; x_wconf 87' lang='grc' dir='ltr'><strong><em>έν</em></strong></span> <span class='ocrx_word' id='word_1_272' title='bbox 909 3047 941 3113; x_wconf 78' lang='grc' dir='ltr'><strong><em>τῇ</em></strong></span> <span class='ocrx_word' id='word_1_273' title='bbox 966 3043 1040 3099; x_wconf 84' lang='grc' dir='ltr'><strong><em>δυάδι</em></strong></span> <span class='ocrx_word' id='word_1_274' title='bbox 1062 3044 1164 3116; x_wconf 80' lang='grc' dir='ltr'><strong><em>στέχιιν</em></strong></span> <span class='ocrx_word' id='word_1_275' title='bbox 1185 3044 1226 3100; x_wconf 83' lang='grc' dir='ltr'><strong><em>καλ</em></strong></span> <span class='ocrx_word' id='word_1_276' title='bbox 1248 3047 1285 3120; x_wconf 67' lang='grc' dir='ltr'><strong><em>τῷ</em></strong></span> 
     </span>
    </p>
   </div>
   <div class='ocr_carea' id='block_1_3' title="bbox 31 3141 1285 3216">
    <p class='ocr_par' dir='ltr' id='par_1_4' title="bbox 31 3141 1285 3216">
     <span class='ocr_line' id='line_1_28' title="bbox 31 3141 1285 3216; baseline -0.002 -17"><span class='ocrx_word' id='word_1_277' title='bbox 31 3153 34 3158; x_wconf 84' lang='grc'><em>“</em></span> <span class='ocrx_word' id='word_1_278' title='bbox 142 3141 271 3199; x_wconf 82' lang='grc' dir='ltr'><strong><em>δύνασθαι</em></strong></span> <span class='ocrx_word' id='word_1_279' title='bbox 292 3143 338 3214; x_wconf 71' lang='grc' dir='ltr'><strong><em>τὴν</em></strong></span> <span class='ocrx_word' id='word_1_280' title='bbox 358 3145 491 3216; x_wconf 84' lang='grc' dir='ltr'><strong><em>παιητρέαν</em></strong></span> <span class='ocrx_word' id='word_1_281' title='bbox 512 3146 575 3200; x_wconf 75' lang='grc' dir='ltr'><strong><em>κατὰ</em></strong></span> <span class='ocrx_word' id='word_1_282' title='bbox 596 3143 678 3216; x_wconf 80' lang='grc' dir='ltr'><strong><em>τύχην</em></strong></span> <span class='ocrx_word' id='word_1_283' title='bbox 699 3145 757 3199; x_wconf 84' lang='grc' dir='ltr'><strong><em>τινδ</em></strong></span> <span class='ocrx_word' id='word_1_284' title='bbox 776 3142 865 3216; x_wconf 86' lang='grc' dir='ltr'><strong><em>άρτέον</em></strong></span> <span class='ocrx_word' id='word_1_285' title='bbox 888 3142 971 3199; x_wconf 84' lang='grc' dir='ltr'><strong><em>πάντα</em></strong></span> <span class='ocrx_word' id='word_1_286' title='bbox 994 3141 1102 3214; x_wconf 84' lang='grc' dir='ltr'><strong><em>άριθμοῦ</em></strong></span> <span class='ocrx_word' id='word_1_287' title='bbox 1122 3141 1285 3210; x_wconf 75' lang='grc' dir='ltr'><strong><em>πεποιηκέναι</em></strong></span> 
     </span>
    </p>
   </div>
   <div class='ocr_carea' id='block_1_4' title="bbox 140 3239 1284 3908">
    <p class='ocr_par' dir='ltr' id='par_1_5' title="bbox 140 3239 1284 3908">
     <span class='ocr_line' id='line_1_29' title="bbox 142 3239 1284 3316; baseline 0.003 -20"><span class='ocrx_word' id='word_1_288' title='bbox 142 3241 208 3312; x_wconf 77' lang='grc' dir='ltr'><strong><em>φαιὴ</em></strong></span> <span class='ocrx_word' id='word_1_289' title='bbox 229 3263 269 3299; x_wconf 80' lang='grc' dir='ltr'><strong><em>τις</em></strong></span> <span class='ocrx_word' id='word_1_290' title='bbox 290 3240 321 3296; x_wconf 81' lang='grc' dir='ltr'><strong><em>δν</em></strong></span> <span class='ocrx_word' id='word_1_291' title='bbox 341 3243 404 3297; x_wconf 80' lang='grc' dir='ltr'><strong><em>κατά</em></strong></span> <span class='ocrx_word' id='word_1_292' title='bbox 421 3243 515 3314; x_wconf 80' lang='grc' dir='ltr'><strong><em>στέγον</em></strong></span> <span class='ocrx_word' id='word_1_293' title='bbox 533 3244 597 3298; x_wconf 72' lang='lat' dir='ltr'><strong>alst</strong></span> <span class='ocrx_word' id='word_1_294' title='bbox 614 3243 769 3316; x_wconf 79' lang='grc' dir='ltr'><strong><em>γεγράφθαι.</em></strong></span> <span class='ocrx_word' id='word_1_295' title='bbox 811 3239 880 3299; x_wconf 83' lang='lat' dir='ltr'><strong>Erat</strong></span> <span class='ocrx_word' id='word_1_296' title='bbox 899 3240 983 3316; x_wconf 72' lang='lat' dir='ltr'><strong>igilur</strong></span> <span class='ocrx_word' id='word_1_297' title='bbox 1003 3239 1054 3297; x_wconf 85' lang='lat' dir='ltr'><strong><em>ubl</em></strong></span> <span class='ocrx_word' id='word_1_298' title='bbox 1073 3255 1134 3297; x_wconf 88' lang='lat' dir='ltr'><strong><em>non</em></strong></span> <span class='ocrx_word' id='word_1_299' title='bbox 1151 3257 1187 3298; x_wconf 81' lang='lat' dir='ltr'><strong><em>ex</em></strong></span> <span class='ocrx_word' id='word_1_300' title='bbox 1202 3239 1284 3299; x_wconf 76' lang='lat' dir='ltr'><strong>dissi·</strong></span> 
     </span>
     <span class='ocr_line' id='line_1_30' title="bbox 142 3337 1284 3416; baseline -0.002 -19"><span class='ocrx_word' id='word_1_301' title='bbox 142 3339 260 3398; x_wconf 88' lang='lat' dir='ltr'><strong>milibus</strong></span> <span class='ocrx_word' id='word_1_302' title='bbox 280 3347 401 3410; x_wconf 82' lang='lat' dir='ltr'><strong>tantum,</strong></span> <span class='ocrx_word' id='word_1_303' title='bbox 418 3349 450 3399; x_wconf 91' lang='lat' dir='ltr'><strong>ut</strong></span> <span class='ocrx_word' id='word_1_304' title='bbox 468 3340 602 3416; x_wconf 82' lang='lat' dir='ltr'><strong>elegiacis</strong></span> <span class='ocrx_word' id='word_1_305' title='bbox 622 3339 791 3416; x_wconf 88' lang='lat' dir='ltr'><strong>epodisque‚</strong></span> <span class='ocrx_word' id='word_1_306' title='bbox 814 3338 866 3398; x_wconf 89' lang='lat' dir='ltr'><strong><em>sed</em></strong></span> <span class='ocrx_word' id='word_1_307' title='bbox 886 3339 973 3396; x_wconf 90' lang='lat' dir='ltr'><strong>etiam</strong></span> <span class='ocrx_word' id='word_1_308' title='bbox 994 3355 1031 3396; x_wconf 85' lang='lat' dir='ltr'><strong>ex</strong></span> <span class='ocrx_word' id='word_1_309' title='bbox 1051 3337 1191 3396; x_wconf 89' lang='lat' dir='ltr'><strong>similibus</strong></span> <span class='ocrx_word' id='word_1_310' title='bbox 1213 3355 1284 3397; x_wconf 91' lang='lat' dir='ltr'><strong>con·</strong></span> 
     </span>
     <span class='ocr_line' id='line_1_31' title="bbox 141 3435 1283 3515; baseline -0.005 -19"><span class='ocrx_word' id='word_1_311' title='bbox 141 3447 254 3496; x_wconf 86' lang='lat' dir='ltr'><strong>starent</strong></span> <span class='ocrx_word' id='word_1_312' title='bbox 266 3447 432 3515; x_wconf 81' lang='lat' dir='ltr'><strong>systemata</strong></span> <span class='ocrx_word' id='word_1_313' title='bbox 472 3435 551 3497; x_wconf 84' lang='lat' dir='ltr'><strong>Nam</strong></span> <span class='ocrx_word' id='word_1_314' title='bbox 571 3439 601 3496; x_wconf 91' lang='lat' dir='ltr'><strong>in</strong></span> <span class='ocrx_word' id='word_1_315' title='bbox 620 3438 750 3498; x_wconf 89' lang='lat' dir='ltr'><strong>secundo</strong></span> <span class='ocrx_word' id='word_1_316' title='bbox 768 3436 840 3496; x_wconf 88' lang='lat' dir='ltr'><strong>libro</strong></span> <span class='ocrx_word' id='word_1_317' title='bbox 856 3435 999 3513; x_wconf 87' lang='lat' dir='ltr'><strong>Sapphus,</strong></span> <span class='ocrx_word' id='word_1_318' title='bbox 1021 3435 1071 3512; x_wconf 90' lang='lat' dir='ltr'><strong>qui</strong></span> <span class='ocrx_word' id='word_1_319' title='bbox 1092 3443 1170 3494; x_wconf 91' lang='lat' dir='ltr'><strong>totus</strong></span> <span class='ocrx_word' id='word_1_320' title='bbox 1190 3458 1283 3492; x_wconf 77' lang='grc' dir='ltr'><strong><em>πειτα-</em></strong></span> 
     </span>
     <span class='ocr_line' id='line_1_32' title="bbox 140 3529 1283 3613; baseline 0 -23"><span class='ocrx_word' id='word_1_321' title='bbox 140 3537 246 3607; x_wconf 79' lang='grc' dir='ltr'><strong><em>μέτρσις</em></strong></span> <span class='ocrx_word' id='word_1_322' title='bbox 274 3539 654 3608; x_wconf 76' lang='grc' dir='ltr'><strong><em>τεσσαρεσκαιδεκασυλλάβοις</em></strong></span> <span class='ocrx_word' id='word_1_323' title='bbox 684 3535 863 3611; x_wconf 85' lang='lat' dir='ltr'><strong>compositus</strong></span> <span class='ocrx_word' id='word_1_324' title='bbox 894 3543 946 3604; x_wconf 82' lang='lat' dir='ltr'><strong>est,</strong></span> <span class='ocrx_word' id='word_1_325' title='bbox 970 3531 1115 3613; x_wconf 77' lang='lat' dir='ltr'><strong>(Encheir.</strong></span> <span class='ocrx_word' id='word_1_326' title='bbox 1138 3535 1207 3605; x_wconf 82' lang='lat'><strong><em>§46</em></strong></span> <span class='ocrx_word' id='word_1_327' title='bbox 1223 3529 1283 3611; x_wconf 90' lang='lat' dir='ltr'><strong><em>W.)</em></strong></span> 
     </span>
     <span class='ocr_line' id='line_1_33' title="bbox 141 3631 1283 3710; baseline 0.001 -19"><span class='ocrx_word' id='word_1_328' title='bbox 141 3633 187 3691; x_wconf 84' lang='lat' dir='ltr'><strong>alii</strong></span> <span class='ocrx_word' id='word_1_329' title='bbox 211 3643 369 3709; x_wconf 87' lang='lat' dir='ltr'><strong>systemata</strong></span> <span class='ocrx_word' id='word_1_330' title='bbox 391 3651 453 3693; x_wconf 91' lang='lat' dir='ltr'><strong><em>non</em></strong></span> <span class='ocrx_word' id='word_1_331' title='bbox 477 3635 634 3710; x_wconf 87' lang='lat' dir='ltr'><strong>ponebant,</strong></span> <span class='ocrx_word' id='word_1_332' title='bbox 656 3633 702 3694; x_wconf 86' lang='lat' dir='ltr'><strong>alii</strong></span> <span class='ocrx_word' id='word_1_333' title='bbox 726 3643 755 3692; x_wconf 88' lang='lat' dir='ltr'><strong><em>et</em></strong></span> <span class='ocrx_word' id='word_1_334' title='bbox 778 3635 839 3709; x_wconf 87' lang='lat' dir='ltr'><strong>ipse</strong></span> <span class='ocrx_word' id='word_1_335' title='bbox 862 3631 1042 3708; x_wconf 88' lang='lat' dir='ltr'><strong>Hephaestio</strong></span> <span class='ocrx_word' id='word_1_336' title='bbox 1067 3650 1135 3691; x_wconf 91' lang='lat' dir='ltr'><strong><em>cum</em></strong></span> <span class='ocrx_word' id='word_1_337' title='bbox 1159 3633 1283 3710; x_wconf 87' lang='lat' dir='ltr'><strong>antiquis</strong></span> 
     </span>
     <span class='ocr_line' id='line_1_34' title="bbox 140 3731 1282 3808; baseline -0.002 -18"><span class='ocrx_word' id='word_1_338' title='bbox 140 3732 357 3808; x_wconf 81' lang='lat' dir='ltr'><strong>exemplaribus</strong></span> <span class='ocrx_word' id='word_1_339' title='bbox 384 3749 485 3792; x_wconf 87' lang='lat' dir='ltr'><strong>uersus</strong></span> <span class='ocrx_word' id='word_1_340' title='bbox 512 3737 575 3789; x_wconf 80' lang='grc' dir='ltr'><strong><em>κατὰ</em></strong></span> <span class='ocrx_word' id='word_1_341' title='bbox 597 3732 653 3803; x_wconf 75' lang='grc' dir='ltr'><strong><em>δύο,</em></strong></span> <span class='ocrx_word' id='word_1_342' title='bbox 680 3750 741 3792; x_wconf 92' lang='lat' dir='ltr'><strong><em>non</em></strong></span> <span class='ocrx_word' id='word_1_343' title='bbox 769 3749 829 3790; x_wconf 92' lang='lat' dir='ltr'><strong><em>uno</em></strong></span> <span class='ocrx_word' id='word_1_344' title='bbox 856 3742 965 3802; x_wconf 86' lang='lat' dir='ltr'><strong>tenore,</strong></span> <span class='ocrx_word' id='word_1_345' title='bbox 993 3731 1115 3807; x_wconf 89' lang='lat' dir='ltr'><strong>scriptos</strong></span> <span class='ocrx_word' id='word_1_346' title='bbox 1143 3731 1282 3801; x_wconf 89' lang='lat' dir='ltr'><strong>uiderent,</strong></span> 
     </span>
     <span class='ocr_line' id='line_1_35' title="bbox 140 3829 1283 3908; baseline 0 -18"><span class='ocrx_word' id='word_1_347' title='bbox 140 3841 300 3908; x_wconf 88' lang='lat' dir='ltr'><strong>systemata</strong></span> <span class='ocrx_word' id='word_1_348' title='bbox 334 3830 477 3890; x_wconf 84' lang='lat' dir='ltr'><strong>faciebant</strong></span> <span class='ocrx_word' id='word_1_349' title='bbox 510 3831 644 3891; x_wconf 88' lang='lat' dir='ltr'><strong>binorum</strong></span> <span class='ocrx_word' id='word_1_350' title='bbox 678 3849 823 3890; x_wconf 89' lang='lat' dir='ltr'><strong>uersuum.</strong></span> <span class='ocrx_word' id='word_1_351' title='bbox 879 3829 1040 3907; x_wconf 85' lang='lat' dir='ltr'><strong>Loquimur</strong></span> <span class='ocrx_word' id='word_1_352' title='bbox 1081 3829 1118 3888; x_wconf 93' lang='lat' dir='ltr'><strong>de</strong></span> <span class='ocrx_word' id='word_1_353' title='bbox 1154 3830 1283 3890; x_wconf 88' lang='lat' dir='ltr'><strong>secundo</strong></span> 
     </span>
    </p>
   </div>
   <div class='ocr_carea' id='block_1_5' title="bbox 139 3927 1284 4204">
    <p class='ocr_par' dir='ltr' id='par_1_6' title="bbox 139 3927 1284 4204">
     <span class='ocr_line' id='line_1_36' title="bbox 139 3927 1284 4008; baseline 0 -20"><span class='ocrx_word' id='word_1_354' title='bbox 139 3931 216 3989; x_wconf 85' lang='lat' dir='ltr'><strong>libro</strong></span> <span class='ocrx_word' id='word_1_355' title='bbox 240 3927 384 4006; x_wconf 86' lang='lat' dir='ltr'><strong>Sapphus,</strong></span> <span class='ocrx_word' id='word_1_356' title='bbox 406 3930 459 3989; x_wconf 90' lang='lat' dir='ltr'><strong><em>sed</em></strong></span> <span class='ocrx_word' id='word_1_357' title='bbox 479 3929 557 3988; x_wconf 88' lang='lat' dir='ltr'><strong>idem</strong></span> <span class='ocrx_word' id='word_1_358' title='bbox 584 3931 615 3988; x_wconf 91' lang='lat' dir='ltr'><strong>in</strong></span> <span class='ocrx_word' id='word_1_359' title='bbox 638 3931 752 3990; x_wconf 89' lang='lat' dir='ltr'><strong>tertium</strong></span> <span class='ocrx_word' id='word_1_360' title='bbox 781 3947 898 4008; x_wconf 90' lang='lat' dir='ltr'><strong>quoque</strong></span> <span class='ocrx_word' id='word_1_361' title='bbox 919 3930 1023 3988; x_wconf 88' lang='lat' dir='ltr'><strong>cadere</strong></span> <span class='ocrx_word' id='word_1_362' title='bbox 1044 3945 1080 3986; x_wconf 88' lang='lat' dir='ltr'><strong>ex</strong></span> <span class='ocrx_word' id='word_1_363' title='bbox 1102 3927 1117 4003; x_wconf 65' lang='grc' dir='ltr'><strong>ξ</strong></span> <span class='ocrx_word' id='word_1_364' title='bbox 1143 3946 1284 4000; x_wconf 82' lang='lat' dir='ltr'><strong>114,1ao</strong></span> 
     </span>
     <span class='ocr_line' id='line_1_37' title="bbox 139 4025 1283 4105; baseline 0.001 -18"><span class='ocrx_word' id='word_1_365' title='bbox 139 4029 316 4105; x_wconf 84' lang='lat' dir='ltr'><strong>intelligitur,</strong></span> <span class='ocrx_word' id='word_1_366' title='bbox 337 4027 384 4088; x_wconf 91' lang='lat' dir='ltr'><strong>hic</strong></span> <span class='ocrx_word' id='word_1_367' title='bbox 409 4038 505 4088; x_wconf 85' lang='lat' dir='ltr'><strong>autem</strong></span> <span class='ocrx_word' id='word_1_368' title='bbox 529 4039 606 4088; x_wconf 90' lang='lat' dir='ltr'><strong>totus</strong></span> <span class='ocrx_word' id='word_1_369' title='bbox 630 4030 783 4089; x_wconf 85' lang='lat' dir='ltr'><strong>constabat</strong></span> <span class='ocrx_word' id='word_1_370' title='bbox 803 4047 839 4087; x_wconf 89' lang='lat' dir='ltr'><strong>ex</strong></span> <span class='ocrx_word' id='word_1_371' title='bbox 863 4027 1034 4086; x_wconf 86' lang='lat' dir='ltr'><strong>tetrametris</strong></span> <span class='ocrx_word' id='word_1_372' title='bbox 1058 4025 1283 4099; x_wconf 59' lang='lat' dir='ltr'><strong>choriambicis,</strong></span> 
     </span>
     <span class='ocr_line' id='line_1_38' title="bbox 140 4122 1282 4204; baseline 0 -17"><span class='ocrx_word' id='word_1_373' title='bbox 140 4127 243 4204; x_wconf 82' lang='lat' dir='ltr'><strong>quales</strong></span> <span class='ocrx_word' id='word_1_374' title='bbox 272 4137 340 4186; x_wconf 83' lang='lat' dir='ltr'><strong>sunt</strong></span> <span class='ocrx_word' id='word_1_375' title='bbox 368 4125 489 4200; x_wconf 74' lang='grc' dir='ltr'><strong><em>Νύμφαις</em></strong></span> <span class='ocrx_word' id='word_1_376' title='bbox 510 4133 565 4186; x_wconf 71' lang='grc' dir='ltr'><strong><em>ταῖς</em></strong></span> <span class='ocrx_word' id='word_1_377' title='bbox 588 4131 649 4186; x_wconf 81' lang='grc' dir='ltr'><strong><em>Διδς</em></strong></span> <span class='ocrx_word' id='word_1_378' title='bbox 672 4129 703 4200; x_wconf 76' lang='grc' dir='ltr'><strong><em>έξ</em></strong></span> <span class='ocrx_word' id='word_1_379' title='bbox 722 4129 830 4203; x_wconf 63' lang='lat' dir='ltr'><strong>olympo</strong></span> <span class='ocrx_word' id='word_1_380' title='bbox 851 4129 921 4201; x_wconf 88' lang='grc' dir='ltr'><strong><em>φάσι</em></strong></span> <span class='ocrx_word' id='word_1_381' title='bbox 940 4122 1111 4198; x_wconf 66' lang='grc' dir='ltr'><strong><em>τεταγμέναις,</em></strong></span> <span class='ocrx_word' id='word_1_382' title='bbox 1132 4122 1236 4184; x_wconf 72' lang='lat' dir='ltr'><strong>Catulli</strong></span> <span class='ocrx_word' id='word_1_383' title='bbox 1258 4146 1282 4187; x_wconf 88' lang='lat' dir='ltr'><strong><em>e.</em></strong></span> 
     </span>
    </p>
   </div>
   <div class='ocr_carea' id='block_1_6' title="bbox 139 4293 1282 4444">
    <p class='ocr_par' dir='ltr' id='par_1_7' title="bbox 139 4293 1282 4444">
     <span class='ocr_line' id='line_1_39' title="bbox 172 4293 1282 4362; baseline 0.005 -18"><span class='ocrx_word' id='word_1_384' title='bbox 172 4294 179 4324; x_wconf 88' lang='lat'>¹</span> <span class='ocrx_word' id='word_1_385' title='bbox 198 4295 324 4358; x_wconf 78' lang='lat' dir='ltr'><strong>Hephaest.</strong></span> <span class='ocrx_word' id='word_1_386' title='bbox 337 4301 349 4356; x_wconf 70' lang='grc' dir='ltr'><strong>ξ</strong></span> <span class='ocrx_word' id='word_1_387' title='bbox 360 4293 392 4345; x_wconf 89' lang='grc'><strong><em>66</em></strong></span> <span class='ocrx_word' id='word_1_388' title='bbox 403 4298 441 4345; x_wconf 88' lang='lat' dir='ltr'><strong><em>W.</em></strong></span> <span class='ocrx_word' id='word_1_389' title='bbox 452 4297 481 4346; x_wconf 77' lang='grc' dir='ltr'><strong><em>τλ</em></strong></span> <span class='ocrx_word' id='word_1_390' title='bbox 493 4295 518 4347; x_wconf 80' lang='lat' dir='ltr'><strong>tl</strong></span> <span class='ocrx_word' id='word_1_391' title='bbox 529 4296 697 4357; x_wconf 73' lang='grc' dir='ltr'><strong><em>ἀκατάληπτον</em></strong></span> <span class='ocrx_word' id='word_1_392' title='bbox 707 4296 913 4362; x_wconf 74' lang='grc' dir='ltr'><strong><em>(λιτισταστικδν)</em></strong></span> <span class='ocrx_word' id='word_1_393' title='bbox 924 4293 1033 4347; x_wconf 71' lang='grc' dir='ltr'><strong><em>καλεῖταί</em></strong></span> <span class='ocrx_word' id='word_1_394' title='bbox 1044 4293 1166 4357; x_wconf 73' lang='grc' dir='ltr'><strong><em>Σατφικδν</em></strong></span> <span class='ocrx_word' id='word_1_395' title='bbox 1177 4295 1282 4349; x_wconf 65' lang='lat' dir='ltr'><strong>lumle-</strong></span> 
     </span>
     <span class='ocr_line' id='line_1_40' title="bbox 139 4375 1281 4444; baseline 0.001 -17"><span class='ocrx_word' id='word_1_396' title='bbox 139 4377 304 4434; x_wconf 79' lang='grc' dir='ltr'><strong><em>κασύλλαβαν·</em></strong></span> <span class='ocrx_word' id='word_1_397' title='bbox 328 4376 386 4440; x_wconf 60' lang='lat' dir='ltr'><strong>svb</strong></span> <span class='ocrx_word' id='word_1_398' title='bbox 402 4379 484 4442; x_wconf 77' lang='grc' dir='ltr'><strong><em>τρίτον</em></strong></span> <span class='ocrx_word' id='word_1_399' title='bbox 501 4379 559 4430; x_wconf 70' lang='lat' dir='ltr'><strong>taor</strong></span> <span class='ocrx_word' id='word_1_400' title='bbox 573 4380 683 4444; x_wconf 62' lang='grc' dir='ltr'><strong><em>ἱατφούι</em></strong></span> <span class='ocrx_word' id='word_1_401' title='bbox 699 4378 840 4444; x_wconf 79' lang='grc' dir='ltr'><strong><em>γέγραπται,</em></strong></span> <span class='ocrx_word' id='word_1_402' title='bbox 853 4379 934 4430; x_wconf 75' lang='grc' dir='ltr'><strong><em>πολλὰ</em></strong></span> <span class='ocrx_word' id='word_1_403' title='bbox 950 4377 975 4428; x_wconf 67' lang='grc' dir='ltr'><strong><em>δέ</em></strong></span> <span class='ocrx_word' id='word_1_404' title='bbox 993 4377 1033 4428; x_wconf 82' lang='grc' dir='ltr'><strong><em>καλ</em></strong></span> <span class='ocrx_word' id='word_1_405' title='bbox 1048 4379 1161 4428; x_wconf 66' lang='grc' dir='ltr'><strong><em>Ἀλκαίου</em></strong></span> <span class='ocrx_word' id='word_1_406' title='bbox 1177 4375 1281 4444; x_wconf 65' lang='grc' dir='ltr'><strong><em>ᾅσματα,</em></strong></span> 
     </span>
    </p>
   </div>
   <div class='ocr_carea' id='block_1_7' title="bbox 141 4459 448 4525">
    <p class='ocr_par' dir='ltr' id='par_1_8' title="bbox 141 4459 448 4525">
     <span class='ocr_line' id='line_1_41' title="bbox 141 4459 448 4525; baseline 0.01 -16"><span class='ocrx_word' id='word_1_407' title='bbox 141 4459 448 4525; x_wconf 69' lang='grc' dir='ltr'><strong><em>Νύμφαις-τεταγμένων.</em></strong></span> 
     </span>
    </p>
   </div>
   <div class='ocr_carea' id='block_1_8' title="bbox 0 0 1545 5066">
    <p class='ocr_par' dir='ltr' id='par_1_9' title="bbox 0 0 1545 5066">
     <span class='ocr_line' id='line_1_42' title="bbox 0 0 1545 5066; baseline 0 0"><span class='ocrx_word' id='word_1_408' title='bbox 0 0 1545 5066; x_wconf 95' lang='lat' dir='ltr'><strong><em> </em></strong></span> 
     </span>
    </p>
   </div>
  </div>
 </body>
</html>
