3032 5056
508 423 728 488 CARMEN
758 421 859 488 LXX.

189 611 275 676 Non
297 615 325 678 si
346 613 438 677 illam
458 633 551 677 mae
574 613 748 678 labefactes
770 632 902 676 munere
924 613 1027 677 uestis

234 726 306 788 Aut
327 724 514 810 perluciduli
537 725 666 789 deliciis
689 725 814 810 lapidis.

145 901 267 966 Laedit
290 912 323 967 te
345 902 502 986 quaedam
524 903 610 966 mala
630 903 749 986 fabula,
771 922 834 989 qua
855 901 918 966 tibi
941 899 1042 964 fertur
1242 926 1257 978 5

234 1011 332 1078 Valle
353 1017 412 1078 sub
433 1015 555 1078 alarum
577 1023 648 1078 trux
670 1015 817 1092 habitare
839 1032 944 1098 caper.

189 1128 294 1192 Hunc
309 1137 458 1192 metuunt
472 1147 605 1192 omnes:
627 1149 730 1212 neque
745 1129 882 1190 mirum:
904 1145 981 1190 nam
997 1124 1082 1188 mala
1099 1121 1192 1187 ualde
1206 1132 1257 1186 est

235 1237 360 1326 Bestia,
382 1260 443 1304 nec
464 1243 593 1324 quicum
615 1240 700 1304 bella
721 1239 827 1325 puella
847 1239 954 1303 cubet.

145 1417 258 1508 Qare
280 1427 336 1482 aut
358 1419 520 1484 crudelem
542 1439 691 1484 nasorum
715 1419 860 1484 interfice
882 1427 1018 1504 pestem,

234 1533 304 1595 Aut
326 1532 478 1596 admirari
500 1532 611 1597 desine
632 1553 688 1598 cur
708 1533 848 1618 fugiunt.

633 1979 733 2045 LXX.

189 2158 310 2223 eror
332 2180 368 2223 se
389 2159 471 2224 dicit
493 2160 608 2223 mulier
629 2179 703 2224 mea
724 2160 843 2224 nubere
864 2158 961 2222 malle

235 2271 347 2358 Quam
369 2273 462 2356 mihi,
484 2292 550 2335 non
572 2273 601 2336 si
623 2292 658 2336 se
681 2271 823 2356 Iuppiter
844 2271 914 2356 ipse
937 2276 1037 2354 petat.

189 2383 309 2447 Dicit:
339 2382 395 2447 sed
418 2385 533 2447 mulier
555 2384 673 2468 cupido
693 2384 775 2467 quod
798 2384 879 2448 dicit
902 2382 1040 2466 amanti,

234 2493 278 2560 In
300 2505 400 2560 uento
422 2505 457 2560 et
478 2497 588 2582 rapida
609 2497 746 2562 scribere
768 2505 894 2582 oportet
916 2513 1007 2580 aqua.

144 2821 167 2871 3.
203 2807 262 2856 Nos
277 2809 317 2858 iila
333 2825 406 2858 1111111·
420 2803 772 2861 ABCGHLLa¹La²Ohacd
840 2804 899 2859 Nos
911 2806 983 2859 illam
996 2821 1088 2859 amare
1101 2807 1128 2859 V
1193 2803 1257 2858 Non

110 2873 177 2929 illem
188 2891 270 2930 rarae
280 2876 354 2947 Calp.
365 2881 428 2943 1481
443 2889 469 2930 ei
479 2880 516 2930 sic
528 2877 653 2932 Bentleius
666 2877 708 2931 ubi
719 2897 820 2932 uersum
832 2879 911 2950 ‘ifflfi
922 2877 1214 2946 111111141111111.
1225 2895 1256 2942 14

108 2943 169 3000 Non
181 2949 267 3002 ullam
279 2963 357 3002 rarae
371 2950 499 3002 Auantius
512 2951 664 3019 Doeringius
677 2950 779 3018 Heysius
872 2947 936 3002 Non
948 2948 971 3000 si
983 2949 1056 3002 11111111
1069 2964 1146 3002 rarae
1160 2947 1222 3002 ΑΜ.
1235 2949 1259 3002 1.

110 3015 258 3072 labefactos
270 3017 498 3074 mammis.

143 3107 168 3154 4.
203 3106 257 3158 pro
269 3090 379 3143 luciduli
391 3089 521 3144 HLa¹cdb
532 3089 570 3144 ed.
579 3093 627 3144 Pr.
698 3105 750 3158 pro
761 3089 871 3144 lucidoii
884 3087 939 3145 ια’
1009 3088 1108 3143 delitiis
1121 3091 1157 3144 A.

144 3177 168 3224 5.
204 3177 261 3230 qua
275 3162 351 3215 ABG
362 3180 394 3213 ex
406 3181 502 3216 rasura
514 3162 557 3214 Ld
566 3163 604 3214 ed.
616 3164 709 3215 Parm.
722 3177 769 3226 147
775 3178 788 3228 3
861 3177 932 3231 quae
944 3157 986 3214 uel
993 3181 1045 3228 11111·
1059 3171 1117 3216 cett.

143 3234 169 3284 6.
205 3231 312 3286 Valeo
382 3232 495 3286 ollarum
508 3234 538 3285 A
564 3234 620 3286 r.G
632 3233 683 3286 Hd.

143 3317 170 3365 7.
204 3301 289 3356 Nunc
301 3303 368 3356 ded.
378 3307 425 3357 Pr.
496 3245 576 3357 ualie
588 3303 689 3357 rnalad
757 3319 810 3356 nec
823 3303 860 3355 mi
872 3302 972 3356 mirum
985 3301 1055 3356 mala
1067 3303 1102 3356 II.

145 3377 169 3426 8.
205 3375 319 3442 quicum
331 3375 406 3427 Bacd
415 3374 470 3428 edd.
483 3393 566 3428 omnes
648 3375 770 3428 cuicum
784 3372 983 3428 GLa¹La²OVh
1062 3389 1126 3426 cum
1139 3389 1193 3442 qua
1207 3375 1257 3427 AL

111 3452 138 3493 11
148 3445 224 3516 Prop.
239 3446 275 3498 II.
288 3448 314 3499 6.
327 3463 357 3497 11
372 3445 422 3498 Me
434 3461 515 3499 soror
526 3453 556 3499 et
568 3461 631 3498 cum
643 3461 698 3515 qua
709 3443 812 3498 dormit
824 3445 912 3498 amica
923 3441 1003 3498 simul
1092 3459 1156 3498 cum
1168 3447 1258 3497 omisso

112 3517 198 3581 quac
268 3531 320 3570 nec
333 3515 404 3571 bella
415 3517 460 3570 cui
473 3515 561 3586 puella
572 3517 607 3570 H.

147 3603 186 3642 10.
223 3585 329 3654 fugiant
340 3607 367 3655 a,
379 3589 496 3642 Heinsius
508 3608 540 3641 ex
552 3590 702 3641 coniectura.

638 3709 735 3763 Lxx.

143 3796 194 3851 Hoc
205 3817 311 3852 cannen
322 3816 379 3850 cum
391 3817 413 3852 c.
426 3798 526 3852 LXIX
535 3791 681 3852 coniinuant
692 3798 783 3850 codices
796 3817 878 3851 omnes
889 3798 990 3852 sinceri.

148 3950 170 3988 1.
203 3935 344 3989 uiuereH
404 3931 623 3989 malema¹01⁷
682 3893 752 3988 iille
765 3933 824 4006 (ma
836 3945 865 3987 ut
877 3935 976 3987 uidetur
987 3935 1109 3986 recentius
1120 3931 1257 4004 scriptum)

113 4021 132 4068 c,
141 4007 257 4070 fortasse
273 4026 306 4059 ex
324 4007 422 4061 Sueten.
439 4007 470 4060 de
488 4007 556 4060 Vitis
575 4005 719 4060 Illustribw
738 4007 841 4060 XVIII.
858 4023 889 4059 10
912 4005 967 4058 Soli
986 4004 1117 4058 Crassitio
1138 4021 1167 4058 se
1189 4005 1258 4058 dixit

115 4075 306 4217 nuifoeiiiiiieei
319 4149 384 4202 cai.

148 4235 170 4282 3.
203 4220 311 4287 cupith
381 4217 486 4287 quida.

145 4307 170 4352 4.
206 4291 327 4344 Inuento
340 4291 382 4344 Ga
438 4291 469 4343 In
483 4290 548 4344 uino
560 4292 621 4346 coni.
635 4291 754 4359 Gifanius
767 4292 794 4344 in
805 4289 858 4344 ind.
871 4292 972 4342 Lucret.
979 4301 1010 4360 p.
1020 4305 1081 4358 450,
1093 4290 1259 4344 Burmannus

116 4359 213 4416 Ambit.
228 4365 291 4416 Lat.
304 4364 327 4415 1.
339 4374 370 4432 p.
383 4377 444 4427 541.
