3136 5060
636 395 717 454 ID
745 397 824 456 LXI.

505 703 742 764 ADDENDVM
770 707 809 766 ad
830 705 940 767 XLIII.
957 721 983 781 5.

215 857 274 919 Hic
294 877 396 920 uersus
424 859 636 922 Decoctoris
664 863 776 923 amica
802 862 980 922 Formiani
1006 880 1024 920 a
1044 861 1156 934 XLI.4
1178 861 1227 920 ubi
1249 872 1316 920 ante

173 956 277 1034 legitur
299 959 415 1036 triginta
440 961 526 1018 trium
547 979 686 1020 uersuum
709 962 803 1038 spatio
828 961 920 1021 distat.
964 960 1044 1020 Hinc
1069 961 1092 1019 I.
1115 959 1225 1020 Mowat
1249 979 1317 1019 eum

174 1067 274 1116 censet
288 1058 318 1115 in
332 1055 442 1116 XLIII.
454 1073 472 1133 5
486 1077 539 1135 per
553 1077 680 1118 errorem
695 1059 852 1137 irrepsisse,
867 1077 935 1118 cum
950 1059 980 1117 in
995 1060 1090 1135 priore
1104 1059 1171 1118 loco
1184 1059 1234 1117 ubi
1248 1077 1317 1118 uere

173 1156 297 1233 scriptus
311 1166 355 1215 est
369 1157 398 1215 in
413 1175 528 1216 summa
542 1157 588 1217 uel
602 1158 661 1216 ima
674 1159 782 1235 pagina
796 1158 908 1218 stetisse
922 1159 1060 1218 uideatur.

523 1462 761 1522 ADDENDVM
786 1464 823 1558 ad
848 1463 897 1523 LI.
916 1483 960 1540 13.

214 1616 283 1676 Huc
304 1619 446 1694 pertinere
467 1619 581 1679 uidetur
601 1618 733 1679 Macrob.
754 1619 812 1678 Sat.
830 1619 869 1678 11.
886 1621 946 1694 7.6
968 1617 1098 1677 [oculari
1119 1618 1213 1675 deinde
1236 1631 1317 1694 super

172 1740 252 1778 coena
272 1726 371 1778 exorta
392 1723 545 1796 quaestione
566 1722 702 1796 quodnam
725 1729 794 1779 esset
814 1721 999 1780 molestum
1027 1721 1134 1780 otium
1158 1721 1240 1777 aliud
1259 1721 1317 1777 ale'o

171 1822 297 1895 opinante
310 1820 356 1877 ille
370 1825 378 1850 ‘
389 1819 550 1896 Podagrici
553 1819 646 1895 pedes’
661 1821 757 1894 inquit.

518 2118 732 2180 EXCVRSVS
757 2121 795 2180 ad
820 2120 898 2179 LVI.
917 2139 961 2179 12.

212 2287 303 2359 Quod
320 2286 379 2346 DG
395 2286 505 2346 habent
524 2284 622 2358 Hem,
637 2286 667 2345 id
687 2286 808 2345 fortasse
827 2287 962 2363 antiquae
982 2287 1139 2363 scripturae
1158 2287 1313 2362 uestigium

170 2395 223 2444 est.
267 2384 340 2444 cod.
356 2383 438 2444 Harl.
454 2387 533 2458 6514
553 2385 606 2442 En
625 2385 836 2443 demonstrantis
854 2392 895 2442 est
910 2404 971 2443 curn
989 2385 1193 2460 tndegnatoone,·
1215 2391 1241 2442 et
1256 2388 1315 2444 sine

170 2485 339 2559 aspiratione
351 2482 493 2540 scribitur.
534 2480 681 2540 quenalis
695 2500 784 2558 quam
798 2493 826 2541 te
841 2500 875 2541 ac
890 2485 951 2541 iura
965 2481 1112 2541 ferentem.
1155 2482 1233 2542 Hen
1252 2503 1313 2542 curu

169 2583 340 2657 aspiratione
363 2581 547 2656 respondentes
568 2587 613 2639 est.
656 2579 712 2639 Pro
733 2580 795 2639 hec
817 2581 897 2656 quod
918 2600 985 2640 cum
1006 2581 1108 2640 ceteris
1131 2600 1167 2639 ex
1189 2581 1245 2640 hic
1265 2582 1313 2641 uel

169 2680 246 2740 heic
271 2689 414 2740 mutamm
438 2678 536 2750 habui,
554 2679 654 2738 uesci0
676 2695 713 2736 an
735 2697 795 2737 non
817 2678 974 2754 legendum
996 2681 1031 2738 sit
1053 2697 1140 2738 ecce.
1183 2679 1313 2738 Coniun-

169 2793 277 2858 guntur
300 2780 353 2838 En
376 2797 458 2838 ecce
484 2777 742 2850 Sen.Oed.1004
768 2777 818 2837 En
846 2797 928 2838 ecce
955 2780 1051 2854 rapodo
1078 2798 1161 2836 saeuo
1183 2781 1317 2854 prosiluit

163 2880 263 2956 gradu
277 2877 386 2936 Iocasta
403 2896 505 2936 uecors.
546 2877 662 2954 Apuleii
677 2876 747 2935 Met.
764 2876 815 2936 I.1
837 2877 888 2934 En
910 2895 991 2937 ecce
1007 2877 1176 2955 praefamur
1196 2882 1313 2951 ueniam,

169 2979 219 3037 ubi
245 2979 314 3037 uide
341 2975 583 3035 Hildebrandurn.
605 2975 690 3035 VIII.
714 2977 750 3034 26
778 2975 903 3046 Puellae,
930 2995 1042 3034 seruum
1070 2977 1145 3035 uobis
1167 2978 1313 3052 pulcellum

169 3095 210 3135 en
235 3094 316 3136 ecce
340 3081 476 3133 mercatus
493 3074 629 3148 perduxi.
670 3072 706 3132 X
728 3093 746 3149 9
774 3072 857 3131 Iussi
879 3074 911 3130 de
938 3077 1002 3132 mee's
1029 3075 1146 3148 aliquem
1173 3077 1313 3134 curriculo

168 3176 282 3234 taberna
299 3181 454 3250 promptam
476 3172 598 3249 offerre:
618 3179 645 3230 et
664 3190 706 3230 en
729 3190 809 3232 ecce
824 3173 967 3247 perlatam
987 3191 1080 3230 corant
1101 3173 1213 3231 exhibeo
1235 3173 1312 3252 (hen

168 3292 250 3334 ecce
278 3271 472 3331 Hildebrandi
500 3271 735 3332 Guelferbitanus
759 3270 796 3348 r).
853 3269 906 3328 XI.
925 3284 960 3343 15
989 3270 1040 3329 En
1071 3289 1151 3329 ecce
1178 3273 1312 3346 pristinis

167 3374 309 3431 aerumm's
335 3371 473 3429 absolutus
497 3370 585 3428 Isidis
608 3387 725 3445 maguae
745 3369 895 3444 prudentia
917 3369 1044 3445 gaudens
1066 3369 1175 3428 Luctus
1202 3370 1233 3427 de
1259 3389 1312 3426 sua

156 3472 285 3549 stertuna
304 3469 466 3545 treiemplrat.
510 3468 607 3529 Gloss
623 3467 706 3527 Bodl.
729 3468 827 3544 (Auct.
842 3467 880 3525 T.
895 3467 934 3525 II.
952 3465 1002 3545 24)
1023 3467 1160 3526 Enecce
1183 3470 1270 3527 instat
1287 3475 1314 3526 et

167 3589 227 3628 cum
242 3589 275 3628 ue
289 3567 342 3648 (ui)
357 3569 433 3627 clare
447 3568 494 3626 uel
505 3567 654 3644 manifeste.
697 3565 742 3626 Cf.
757 3565 856 3625 Hand.
873 3565 1026 3625 Tursellin.
1041 3567 1081 3626 II.
1098 3579 1164 3642 373.

491 3858 730 3919 noonuovut
755 3858 792 3917 aa
815 3857 894 3917 uxr.
911 3861 984 3933 (99.)
1071 3948 1076 3954 ὁ

491 4016 602 4077 Proca
623 4017 737 4092 turpia
758 4033 984 4092 persequens.

207 4161 298 4234 Quod
317 4163 347 4220 in
366 4162 555 4221 adnotatione
575 4160 612 4219 ad
631 4160 709 4218 hunc
726 4159 823 4218 locum
838 4160 1000 4236 suspicatus
1015 4177 1079 4218 sum
1094 4160 1151 4218 huc
1166 4161 1309 4236 pertinere

166 4261 351 4321 Gloss.Ball.
394 4259 545 4336 Progom
570 4260 868 4335 uituperationem
891 4258 920 4316 id
942 4259 1145 4317 confirmatum
1170 4257 1247 4318 duco
1272 4280 1309 4319 ex

166 4363 233 4421 loco
247 4361 388 4420 Varronis
408 4359 443 4418 de
459 4359 573 4435 Lingua
588 4358 691 4416 Latina
705 4356 774 4415 VII.
790 4361 829 4415 80
848 4357 896 4414 ubi
919 4375 971 4432 pro
993 4374 1029 4414 eo
1050 4357 1130 4433 quod
1152 4356 1309 4419 Muellerus

166 4459 245 4520 dedit
273 4476 421 4536 procare
450 4458 508 4516 duo
537 4457 654 4516 codices
685 4455 793 4513 habent
824 4473 985 4530 pragam,
1016 4465 1072 4514 tres
1103 4474 1307 4534 prorogare.

711 4569 734 4614 U
750 4571 770 4612 u
