3074 5066
509 404 737 465 CARMINVM
762 403 952 465 CATVLLI.
1250 405 1309 462 256

715 582 752 642 Α.

261 711 353 768 ¹·30··
367 692 447 753 Olim
467 694 506 752 dii
525 695 720 762 miscebantur
739 713 807 756 cum
823 695 1000 769 hominihus,
1015 696 1103 756 ueluti
1123 713 1190 756 cum
1205 694 1309 756 Thetis

301 790 389 850 Peleo
403 793 510 868 nupsit

260 889 368 962 30-46.
390 886 525 961 Quonim
546 889 594 948 die
618 889 736 948 conubii
754 889 841 948 uicini
866 890 905 950 ad
924 889 1003 950 Pelei
1027 890 1138 967 regiam
1160 909 1308 952 conuene-

299 995 374 1044 runt.

239 1099 368 1157 547-51.
389 1081 470 1142 Lecti
483 1083 605 1159 genialis
624 1086 655 1144 in
675 1095 757 1144 ueste
777 1086 939 1163 priscorum
954 1085 1063 1162 figurae
1078 1085 1210 1164 depictae
1230 1096 1307 1158 sunt,

299 1181 444 1257 inprimis
459 1183 613 1242 Ariadnae.

611 1348 645 1408 B.
660 1347 859 1429 (Omphalos.)

281 1481 408 1538 5²·131·
430 1462 539 1523 Thesei
553 1463 674 1540 pertidia
687 1464 717 1522 in
731 1463 889 1524 Ariadnen.

263 1581 275 1619 r
282 1579 408 1636 ga-aor.
430 1560 568 1632 Querella
580 1560 735 1621 Ariadnae.

262 1661 408 1731 2ο2-264.
429 1657 511 1718 Pena
524 1657 632 1718 Thesei
640 1679 648 1733 ;
669 1657 816 1719 Ariadnae
830 1676 898 1719 cum
912 1657 1031 1720 Baccho
1045 1658 1222 1734 congressio.

206 1835 328 2131 lvnaog
342 1982 408 2039 266.
431 1978 516 2040 Haec
530 1979 582 2040 luit
595 1981 686 2040 uestis
700 1981 861 2041 exornatio.

262 2081 409 2153 266-277.
432 2076 500 2149 Qua
515 2087 647 2153 spectata
660 2078 796 2139 homines
810 2077 972 2138 discedunt.

262 2179 409 2251 278-381.
431 2175 564 2235 Subeunt
578 2175 635 2236 Dii.
676 2176 785 2237 Parcae
799 2186 908 2237 canunt
923 2175 1149 2253 Epithalamion.

261 2276 410 2350 382-408.
432 2273 582 2350 Epilogus.

200 2389 277 2448 Mihi
294 2406 371 2464 1-30
385 2388 578 2463 prooemium,
597 2391 736 2462 382-408
752 2387 910 2466 Epilogum
931 2389 1029 2464 potius
1050 2387 1146 2448 iacere
1164 2388 1309 2462 uidentur,

159 2497 193 2546 ut
207 2487 283 2546 inter
297 2505 329 2546 se
344 2485 540 2562 respondeant
553 2484 608 2545 hae
623 2486 698 2546 duae
712 2495 817 2562 partes
833 2496 945 2547 ceterae
960 2496 1058 2546 autem
1071 2486 1129 2548 hoc
1143 2485 1235 2546 modo

594 2649 758 2727 Omphalos

175 2800 255 2858 1-30
319 2800 418 2858 31-49
482 2794 547 2856 5o,r
614 2795 674 2855 52
654 2782 734 2853 264
799 2781 886 2854 265,6
951 2782 1007 2856 267
1010 2783 1087 2856 -381
1155 2784 1234 2858 38²
1236 2785 1296 2855 408

201 2859 1191 3032 &ji-‚l

201 3106 262 3166 Sed
281 3105 388 3166 haec'
374 3105 487 3182 stirp
507 3114 620 3165 tantum
641 3105 715 3163 inter
736 3121 768 3163 se
785 3104 965 3181 respondent
978 3123 1033 3165 nec
1052 3117 1162 3167 exacte.
1204 3106 1310 3182 Longe

158 3207 217 3266 alia
241 3214 302 3264 arte
323 3223 394 3264 usus
413 3215 458 3263 est
480 3203 607 3279 singulas
628 3213 724 3280 partes
746 3203 777 3262 in
797 3221 936 3262 numeros
958 3204 1156 3263 distribuendi.
1199 3203 1258 3275 Qui
1280 3204 1311 3262 in

158 3312 224 3363 toto
249 3311 386 3379 poemate
416 3301 492 3360 adeo
515 3301 659 3377 quadrant
683 3310 715 3359 ut
743 3301 793 3359 uix
825 3301 962 3378 cuiquam
990 3302 1105 3378 possint
1132 3299 1240 3359 fortuiti
1266 3300 1311 3358 ui-

159 3401 231 3460 deri.
280 3397 379 3475 Negat
406 3399 437 3458 id
460 3397 603 3458 Franlrius
627 3399 658 3455 in
683 3416 770 3473 1-49,
795 3413 943 3472 251-322.
1003 3396 1083 3456 Nam
1107 3399 1138 3455 in
1162 3411 1311 3471 25r·3aa,

158 3515 277 3557 uersum
297 3506 397 3556 censet
414 3495 565 3568 excidisse,
580 3495 739 3573 Berginium
754 3506 783 3554 et
798 3495 1014 3556 Rossbachium
1031 3506 1147 3554 secutus
1162 3495 1212 3571 qui
1225 3495 1312 3554 unius

157 3614 262 3656 uersus
279 3597 416 3656 lacunam
429 3604 532 3655 notant
550 3605 619 3671 post
637 3615 652 3654 2
658 3611 715 3670 577
741 3595 829 3673 idque
847 3605 880 3654 ut
898 3595 1004 3654 iaciant
1021 3592 1081 3664 Qua·
1098 3601 1156 3652 tum
1177 3592 1258 3670 qnod
1280 3594 1312 3652 in

158 3693 292 3770 plurimis
313 3693 463 3754 codicibus
481 3693 584 3769 legitur
602 3693 633 3751 in
649 3692 726 3764 Quae
739 3701 796 3751 hem
815 3703 971 3763 mutarunt,
987 3692 1076 3751 credo
1094 3701 1127 3751 ut
1140 3700 1219 3751 esset
1232 3691 1311 3751 unde

157 3791 350 3868 explicaretur
363 3790 482 3850 Harum
498 3793 584 3865 (256)
600 3791 673 3849 aliiae
688 3793 784 3866 (261).
828 3791 887 3850 Sed
901 3801 951 3850 aut
964 3790 1122 3866 legendum
1136 3799 1181 3849 est
1194 3789 1311 3849 Horma

158 3890 238 3961 alzei,
252 3898 311 3960 aut,
332 3888 414 3966 quod
434 3888 529 3964 magis
550 3887 647 3958 credo,
662 3899 750 3964 poeta
770 3906 838 3948 cum
857 3889 887 3947 in
905 3889 1005 3948 animo
1020 3886 1139 3948 haberet
1160 3886 1311 3947 Bacchan-

159 3999 223 4048 tum
243 3987 411 4064 imaginem,
427 4006 445 4046 a
464 3986 573 4064 Satyris
592 3996 622 4046 et
636 3985 740 4045 Silenis
761 3986 799 4045 ad
817 3986 940 4046 feminas
962 3985 1074 4045 transiit
1093 4003 1168 4063 quae
1188 4003 1256 4046 cum
1277 3985 1313 4046 iis

159 4083 311 4146 Bacchum
325 4085 545 4144 comitabantur.
574 4083 638 4143 Nec
653 4101 724 4143 uero
738 4084 768 4143 in
782 4103 859 4160 1-49
874 4084 1031 4162 quicquam
1048 4084 1168 4161 periisse
1185 4101 1310 4159 censco;

158 4201 262 4243 uersus
283 4182 363 4242 enim
382 4182 528 4259 relliquias
549 4199 639 4258 quem
661 4180 837 4244 Scholiastes
850 4181 1031 4242 Veronensis
1053 4183 1146 4242 attulit
1169 4182 1208 4242 ad
1221 4182 1311 4261 Verg.

159 4282 236 4340 Aen.
250 4280 288 4340 V.
303 4283 343 4339 80
364 4297 426 4339 non
445 4281 517 4340 tanti
538 4279 624 4349 facio,
644 4291 677 4340 nt
698 4290 801 4340 contra
820 4280 956 4340 codicum
977 4283 1177 4342 auctoritatem
1197 4280 1312 4342 Catullo

158 4379 320 4450 inierciam,
335 4395 455 4438 mancas
473 4379 642 4454 praesertim
661 4388 697 4448 et,
712 4395 881 4456 quanquam
901 4378 939 4438 ad
960 4397 1079 4440 sensum
1095 4388 1186 4458 aptae,
1201 4379 1313 4456 reliquo

160 4477 283 4538 carmini
297 4495 352 4536 nec
373 4477 570 4538 concinnitate
584 4477 741 4536 uerborum
756 4492 810 4538 nec
827 4477 955 4536 numeris
977 4477 1192 4538 conuenientes.
1234 4475 1313 4536 Nam
