3094 5052
709 412 933 480 CATVLLl

464 602 652 668 Nouissima
673 602 759 667 hunc
780 601 821 667 ad
842 623 940 686 usque
963 601 1131 687 limpidum
1155 601 1267 668 lacum.

419 737 480 802 Sed
501 738 581 802 haec
603 737 689 821 prius
710 736 818 800 fuere:
848 757 934 802 nunc
955 736 1122 801 recondita

420 851 518 916 Senet
539 853 649 937 quiete
670 871 767 936 seque
789 851 918 916 dedicat
940 853 1015 937 tibi,

420 963 569 1029 Gemelle
592 963 711 1030 Castor
732 974 766 1028 et
787 965 923 1048 gemelle
945 963 1102 1029 Castoris.

285 1138 328 1187 ²7·
347 1121 493 1187 Charisius,
513 1137 539 1189 p.
554 1137 603 1186 ²5²
624 1117 705 1186 Keil,
726 1136 775 1186 2²3
795 1119 827 1174 P.
871 1121 990 1174 Senesco
1014 1127 1106 1174 autern
1130 1135 1203 1172 nunc
1227 1117 1256 1170 in
1279 1133 1330 1170 usu
1354 1123 1395 1170 est

247 1192 393 1262 irequens:
408 1191 479 1260 apud
488 1192 614 1260 antiquos
625 1197 718 1244 tumen
731 1197 761 1244 et
772 1207 857 1244 seneo
865 1191 1008 1245 dicebatur
1016 1191 1089 1244 unde
1100 1197 1130 1244 et
1140 1187 1396 1258 Catullus(Catulus

247 1264 331 1333 codd.)
349 1265 388 1317 sic
406 1263 507 1316 retulit.
544 1261 624 1316 Nunc
643 1262 785 1315 recondita
802 1259 827 1314 ᾗ
846 1263 938 1330 quiete
957 1278 1041 1332 seque
1056 1261 1134 1332 (sunt
1150 1261 1197 1330 qui
1215 1275 1338 1328 seueseq:
1357 1257 1395 1328 P)

247 1335 356 1388 dedicat
368 1332 484 1403 (didicat
498 1331 538 1402 P)
551 1333 601 1386 tibi
616 1333 740 1386 Gemelle
755 1333 883 1386 Castoris.

284 1405 435 1458 Diomedes
453 1420 479 1473 p.
495 1421 544 1470 344
561 1403 641 1468 Keil,
656 1421 706 1469 334
722 1403 762 1469 Ρ.,
787 1402 860 1457 Nam
879 1405 997 1456 Senesco
1015 1410 1044 1457 et
1062 1405 1151 1456 Seneo
1174 1401 1246 1470 apud
1270 1401 1395 1468 antiquos

248 1475 406 1542 dicebatur;
434 1475 506 1528 unde
525 1481 554 1528 et
572 1474 694 1527 Catullus
712 1473 793 1527 Nunc
812 1473 882 1544 (non
899 1473 940 1543 A)
959 1474 1099 1528 recondita
1119 1473 1270 1543 (recordlta
1292 1473 1332 1538 M,
1351 1487 1395 1524 re·

248 1546 361 1600 cordata
374 1545 416 1614 A)
452 1547 536 1599 Senet
553 1545 646 1615 quiete
663 1560 747 1614 seque
763 1545 873 1598 dicebat
887 1544 1030 1614 (dicebant
1044 1544 1085 1614 A)
1097 1544 1147 1597 tibi
1160 1544 1283 1598 Gemelle
1297 1543 1396 1595 Castor

248 1625 278 1671 et
325 1617 396 1669 melli
410 1617 546 1670 Castores.

285 1633 414 1741 ienscian.
425 1683 629 1755 l.p.484Keil.,
639 1685 739 1754 8691',
749 1687 838 1739 Seneo
847 1693 988 1740 senedru.
999 1725 1005 1740 .
1015 1726 1022 1740 .
1032 1726 1038 1740 .
1047 1686 1168 1740 Catullus
1175 1683 1303 1754 (Catulus
1310 1681 1394 1751 codd.)

250 1758 305 1814 Sed
316 1759 384 1812 haec
395 1757 473 1811 fuere
486 1757 609 1828 (femere
621 1755 714 1827 codd),
727 1773 799 1810 nunc
811 1757 953 1811 recondita
966 1763 1044 1812 senet
1056 1757 1148 1825 quiete
1161 1755 1250 1826 (quite
1263 1753 1347 1822 codd.)

248 1929 324 1983 secur·
338 1939 398 1982 suast
415 1927 528 1998 Scaliger
545 1928 642 1981 Vossius
656 1927 755 1998 Vulpius
774 1929 849 1982 conr.
862 1927 893 1980 de
906 1927 974 1982 Allis
992 1928 1142 1996 Docringius
1161 1926 1271 1997 Silligius
1287 1925 1395 1980 Orellius

247 2001 359 2070 Heyss'us.
429 2016 446 2053 a
458 2000 542 2052 niarei
555 2001 735 2052 Lachmannus
746 2001 842 2068 Harpe
854 1999 942 2052 Rossb.

286 2090 329 2136 24·
359 2063 511 2116 Nouissime
541 2068 849 2124 ABcocusca¹za²0
869 2069 952 2123 hh'lbd
975 2071 1073 2122 Auant.
1097 2070 1164 2123 Stat.
1194 2069 1275 2122 dach.
1299 2069 1394 2137 Harpa

250 2142 358 2195 nouisse
372 2143 398 2194 V
462 2139 618 2194 Nouissimo
633 2161 659 2206 a,
676 2142 736 2208 Vsc,
752 2142 790 2195 ed.
807 2157 854 2206 147
860 2158 883 2207 3,
900 2139 980 2209 uulgo,
992 2140 1057 2208 qood
1073 2139 1188 2193 Klotzius
1206 2151 1291 2192 isacar
1306 2139 1394 2192 altaris

250 2214 324 2268 Ouid.
343 2214 419 2266 Trici.
434 2214 485 2266 111.
501 2229 542 2279 13,
557 2227 598 2278 27,
617 2212 711 2264 ‘Dum
729 2227 774 2265 me
791 2217 927 2264 terrarum
944 2227 1006 2278 pars
1024 2227 1094 2278 pene
1112 2211 1257 2264 nouissima
1273 2210 1393 2276 Pontus,’

252 2283 335 2338 Voler.
345 2283 427 2336 Flacc.
438 2285 536 2352 Argon.
547 2284 575 2336 V.
585 2297 627 2349 77,
641 2282 723 2335 ‘Post
735 2283 806 2335 acies
819 2282 948 2350 rubrique
960 2281 1106 2335 nouissima
1118 2282 1233 2334 claustra
1242 2281 1394 2350 Aequoris!

250 2357 308 2407 Tac.
322 2355 411 2423 sigi-in
424 2354 462 2408 X.
481 2353 578 2407 ‘Haec
598 2369 647 2406 ora
668 2353 805 2406 nouissimi
826 2353 926 2406 maris!
964 2355 1032 2405 Ann.
1046 2354 1082 2406 ΙΙ.
1098 2369 1139 2418 24,
1154 2355 1249 2404 ‘uasto
1273 2367 1306 2405 ac
1330 2367 1394 2418 pro-

250 2423 357 2478 ‘fundo
370 2429 401 2477 ut
419 2424 547 2477 credatur
564 2425 741 2477 nouissimum
759 2439 791 2476 ac
809 2424 867 2476 sine
884 2423 965 2476 terris
982 2423 1068 2477 mari!
1106 2425 1160 2492 ipse
1172 2421 1286 2476 Catullus
1303 2422 1394 2475 nouis-

249 2495 319 2548 simo
334 2511 398 2548 casu
411 2494 486 2548 habet
498 2495 559 2548 LX.
572 2514 598 2560 4.
633 2495 710 2548 Nihil
718 2495 756 2547 ad
765 2495 930 2563 remfaciunt
940 2513 1002 2562 puae
1012 2514 1031 2547 a
1044 2493 1121 2547 Gellio
1131 2495 1282 2566 offersortur.
1300 2495 1339 2546 Χ.
1353 2511 1396 2546 21.

249 2567 322 2620 Nam
342 2564 448 2618 Gellium
465 2583 564 2618 errasse
580 2565 665 2618 decessi
682 2565 763 2618 lexica
780 2566 911 2630 Ciceronis,
929 2565 998 2634 apud
1013 2584 1083 2632 quens
1100 2565 1260 2617 nouissimus
1278 2575 1325 2629 ter,
1344 2566 1395 2616 Pro

249 2639 282 2706 Q.
292 2638 379 2689 Roscio
387 2639 439 2690 ΧῙ.
450 2653 490 2702 3ο,
502 2653 524 2702 ι,
534 2637 605 2704 ‘er
618 2653 652 2688 ue
667 2636 692 2688 in
706 2636 856 2689 nouissimis
865 2635 976 2704 quidem
988 2642 1047 2688 erat
1059 2635 1240 2700 histrionibus,
1250 2635 1284 2687 ad
1294 2635 1397 2702 primos

250 2709 259 2736 ‘
271 2707 395 2777 peruenit
405 2706 569 2760 comoedos!
595 2707 641 2759 Ad
648 2708 767 2760 Diuersus
774 2708 841 2760 XII.
852 2725 892 2773 13,
904 2725 926 2774 1,
937 2709 982 2759 ‘ut
990 2706 1058 2759 haec
1068 2707 1213 2759 nouissima
1221 2711 1314 2758 nostra
1323 2705 1396 2758 facta

250 2781 258 2808 ‘
272 2794 327 2832 non
340 2779 428 2832 subita
439 2777 521 2830 finisse
534 2776 653 2830 iudices.’
678 2777 716 2830 lb.
725 2779 763 2830 X.
776 2795 817 2844 30,
828 2797 852 2842 4,
866 2778 975 2845 ‘Qum
984 2793 1080 2830 omnes
1092 2793 1121 2829 se
1134 2777 1299 2844 recepissent
1310 2775 1395 2828 nostri

250 2851 258 2880 ‘
270 2849 380 2915 ordinis,
390 2849 512 2916 recipere
525 2865 569 2900 me
582 2849 743 2902 nouissimus
754 2848 832 2916 coepi
844 2847 880 2901 ad
891 2855 979 2901 castra
987 2848 1009 2913 ;'
1031 2848 1176 2900 nouissime
1188 2845 1226 2900 bis
1238 2845 1337 2916 kgitar,
1353 2846 1398 2898 Ad

250 2921 313 2974 Diu.
325 2921 363 3019 X‘.
376 2936 415 3004 ιχ,
431 2938 455 2986 3,
473 2919 564 3002 ‘Qu'
574 2935 626 2986 ego
647 2919 796 3002 interprete
811 2919 960 3014 ’nouissime
983 2917 1018 2971 ad
1033 2918 1167 3001 Lepidum
1184 2934 1246 3017 suin
1262 2918 1343 2984 usus,’
1361 2917 1397 2971 ib.

251 3009 265 3090 ἲ
269 2990 655 3129 lusistislusistis
654 2989 1243 3129 dicunni‘piiiduuudb
1249 2989 1396 3112 ..iilic

251 3132 291 3184 uel
305 3131 452 3184 nouissimo
463 3132 551 3185 dicere.
587 3132 636 3183 Sed
651 3132 796 3184 nouissime
813 3133 836 3184 si
849 3131 914 3183 idem
929 3131 1044 3198 estquod
1056 3131 1211 3198 nuperrime
1226 3140 1349 3200 repugm
1363 3132 1395 3183 iis

250 3221 313 3272 quae
328 3203 437 3271 deinceps
451 3213 567 3254 secuntur
585 3201 638 3254 Sed
654 3202 722 3255 haec
736 3203 809 3269 prius
823 3201 917 3268 suem
934 3205 958 3254 si
971 3209 1110 3269 postremo
1124 3208 1257 3268 tempore,
1269 3201 1398 3270 signifieat

249 3275 346 3342 saepius
370 3275 424 3325 iam
447 3283 524 3324 antea
542 3271 675 3342 phaselum
695 3292 714 3325 a
735 3274 804 3325 mari
824 3275 924 3339 uenisse,
945 3272 1010 3340 quod
1028 3275 1072 3325 uix
1093 3272 1164 3324 credo
1179 3272 1286 3338 sactum
1302 3273 1396 3338 fisisse.

250 3347 387 3396 Praeterea
407 3343 541 3412 languea
561 3343 628 3396 mari
647 3346 683 3396 sic
701 3345 763 3396 nude
774 3346 894 3413 positum.
942 3343 1037 3396 Contra
1053 3354 1147 3412 recepto
1163 3343 1309 3395 nouissimo
1327 3345 1395 3395 iusta

249 3415 405 3538 ffositionis
426 3415 493 3465 ratio
514 3415 628 3466 nascitur
645 3412 689 3483 (ut
706 3415 767 3467 dicit
788 3411 918 3483 Klnzias)
937 3416 1003 3467 inter
1021 3429 1097 3467 mare
1118 3413 1292 3466 nouissimum
1314 3413 1397 3466 idest

276 3487 367 3538 timum
378 3484 418 3537 uel
426 3494 566 3536 extremum
581 3494 606 3536 el
619 3487 686 3537 inter
696 3485 785 3538 lacum
797 3485 924 3537 Benacum
936 3488 977 3552 qui
991 3487 1018 3537 in
1028 3485 1121 3554 patria
1137 3495 1209 3537 terra
1219 3495 1307 3554 poetae
1320 3485 1396 3536 Vem-

250 3557 331 3608 nensis
342 3566 388 3608 esi.
424 3556 508 3623 Neque
519 3555 573 3608 alia
584 3565 623 3608 cst
634 3557 671 3608 uis
686 3555 816 3608 sueborum
829 3571 856 3608 n.
868 3555 922 3608 ulla
936 3555 1109 3608 uota-hunc
1121 3554 1156 3608 ad
1170 3571 1256 3624 usque
1268 3555 1285 3607 l.
1298 3554 1396 3619 lacum,

249 3645 325 3696 quam
342 3638 369 3680 ul
385 3625 495 3679 laborem
511 3625 678 3678 demonstrent
692 3646 710 3678 a
725 3626 796 3696 longo
812 3627 934 3678 redeumis
950 3628 1046 3679 itinere.
1081 3626 1196 3678 Parodia
1209 3624 1284 3678 habet
1296 3624 1396 3694 Neque

250 3699 304 3751 ulla
321 3703 386 3750 uota
403 3696 568 3750 semitalibus
584 3696 641 3750 deis
655 3697 710 3749 Sibi
728 3712 787 3750 esse
803 3695 877 3750 iacta
894 3703 1003 3764 praeter
1019 3697 1072 3750 hoc
1087 3696 1264 3750 nouissimum
1277 3695 1398 3749 Patema

249 3769 307 3822 lora
319 3769 527 3835 proximumque
540 3767 687 3836 pectinem.

285 3855 370 3907 usque
383 3838 417 3892 ad
430 3838 502 3890 hunc
514 3858 532 3891 α
602 3837 815 3905 limpidissimum
828 3837 1008 3908 Philippensis.

286 3926 329 3974 25.
365 3909 418 3962 hoc
431 3907 557 3963 colica?
598 3907 730 3976 potiush²
765 3925 820 3962 non
834 3910 892 3974 Vbs,
905 3909 980 3961 codex
993 3909 1160 3962 ADiomedis
1202 3906 1354 3960 recomdita
1363 3907 1395 3960 0.

288 3983 329 4033 26.
366 3979 449 4033 Sedet
460 3999 478 4032 a
490 3980 604 4033 Parcdia
661 3978 714 4032 Sed
727 3980 809 4032 uecb
880 3981 1003 4033 semeth
1074 3980 1137 4032 Sine
1150 3981 1178 4032 ld
1246 3977 1324 4032 §luel
1333 3983 1396 4030 sunt

250 4051 363 4104 Charisii
383 4051 473 4103 codices
556 4051 602 4118 qui
627 4057 655 4104 te
673 4053 801 4104 Prisciani
822 4051 912 4103 codices
995 4051 1042 4118 qui
1063 4067 1128 4103 sene
1150 4051 1262 4103 Charisii
1279 4049 1354 4101 codex
1371 4051 1397 4101 Ρ

250 4121 351 4174 didicat
364 4121 477 4174 Charisii
487 4121 562 4173 codex
574 4123 598 4173 P
667 4120 777 4174 dicebat
788 4121 966 4174 addicebant
978 4122 1106 4175 Diomedis
1118 4121 1218 4174 codices.

856 4181 995 4220 nlmsiorum

286 4257 328 4306 27.
364 4247 455 4294 castor
467 4242 503 4308 D,
521 4242 589 4294 codd.
602 4242 738 4307 Dionndis,
751 4243 864 4294 Par-adia
880 4239 1041 4294 OEStfflmG
1137 4249 1257 4296 castrum
1272 4241 1396 4294 acciit.

249 4331 268 4366 a
280 4333 314 4366 m.
321 4325 366 4383 pr.
379 4313 402 4366 0
413 4312 479 4364 ablu
559 4321 695 4366 castorum
714 4314 738 4365 B
755 4332 773 4364 o
791 4332 825 4365 m.
839 4323 892 4381 pr,
909 4310 961 4364 Lal
975 4332 993 4366 a
1005 4333 1040 4367 m.
1051 4325 1102 4384 pr,
1119 4314 1221 4368 corr.1.
1301 4318 1395 4377 caston

252 4385 349 4452 unod
366 4386 393 4436 in
410 4383 540 4452 archetypo
552 4382 638 4449 fuisse
657 4394 736 4437 cernet
756 4383 914 4436 Scbsuabius.
951 4385 1019 4436 rahe·
1034 4387 1118 4453 perires
1136 4404 1168 4436 ex
1189 4383 1256 4436 male
1276 4381 1396 4436 intellecto

250 4456 347 4508 custor'
359 4473 433 4506 error
444 4464 512 4505 ortus
525 4455 630 4505 sudetur.
710 4453 804 4507 castris
816 4453 846 4504 hl
925 4455 1032 4520 gemelli
1045 4457 1173 4508 Castores
1186 4456 1254 4509 codd.
1268 4453 1395 4506 Diomedis

249 4526 374 4580 Gemelie
388 4526 486 4578 Castor
498 4530 526 4576 et
538 4523 653 4590 gemelle
667 4525 794 4590 Castoris,
806 4524 844 4578 ed.
856 4527 904 4578 Pr.
