3032 5056
534 385 762 452 CARMEN
794 385 911 450 LXIV.

229 576 260 639 O
283 578 383 640 nimis
405 584 521 661 optatu
542 577 723 640 saeclorum
744 585 891 659 tempore
913 576 984 638 nati

269 689 410 774 Heroes‚
431 691 568 774 saluete,
590 688 687 752 deum
708 688 830 770 genus!
860 706 882 750 o
903 687 988 750 bona
1010 685 1132 752 mater!

271 800 336 864 Vos
358 821 421 886 ego
442 821 539 886 saepe
563 820 637 864 meo
658 819 716 864 uos
737 801 883 863 carmine
906 798 1106 882 conpellabo

270 913 383 997 Teque
406 913 489 978 adeo
510 915 631 977 eximie
654 913 761 977 taedis
782 912 932 976 felicibus
953 922 1047 976 aucte
1270 939 1301 990 ις

271 1029 462 1092 Thessaliae
485 1029 637 1092 columen
658 1026 768 1110 Peleu,
791 1027 844 1090 cui
868 1024 1010 1110 Iuppiter
1031 1028 1113 1111 ipse,

271 1142 342 1227 Ipse
365 1163 441 1206 suos
462 1142 575 1206 diuum
597 1142 726 1224 genitor
746 1141 908 1204 concessit
930 1159 1065 1204 amores.

271 1258 366 1320 Tene
390 1255 510 1319 Thetis
532 1255 641 1317 tenuit
662 1253 876 1337 pulcherrima
898 1251 1114 1336 Neptunine?

269 1370 364 1433 Tene
386 1385 479 1429 suam
501 1364 629 1450 Tethys
649 1365 813 1428 concessit
836 1363 952 1427 ducere
975 1372 1119 1448 neptem,
1190 1428 1192 1434 ,

181 1579 222 1626 23.
240 1560 331 1613 Schol.
348 1559 503 1612 Veronens.
521 1557 557 1610 ad
575 1557 658 1623 Verg.
675 1557 746 1610 Aen.
758 1556 793 1609 V.
807 1561 841 1608 80
860 1554 902 1624 (p.
914 1574 958 1623 94.
974 1572 1002 1608 rr
1024 1555 1068 1610 ed.
1084 1554 1172 1626 Keil).
1217 1555 1296 1610 Salue

142 1641 235 1686 sancte
257 1646 363 1700 parens.
401 1629 524 1682 Catullus
543 1628 671 1681 ‘Saluete
689 1627 772 1680 deum
791 1643 865 1693 gens,
884 1643 902 1679 o
920 1625 993 1680 bona
1012 1633 1131 1680 matrum
1147 1627 1297 1694 Progenies

143 1705 243 1757 saluete
256 1703 345 1754 iter-
360 1703 365 1770 Ι
381 1699 507 1770 (spatium
520 1701 703 1768 quinquaginta
712 1699 775 1765 fere
789 1697 939 1768 literarum)
976 1699 1075 1750 Sancte
1087 1714 1184 1766 parens
1197 1698 1297 1751 iterum

143 1777 241 1844 quia-
256 1773 260 1842 Ι
275 1773 442 1826 salutauerat
454 1785 521 1839 qum
538 1771 573 1823 ad
589 1770 756 1837 sepulturam
773 1770 906 1822 mitteret.
943 1769 1008 1822 Hinc
1022 1769 1142 1838 Coniugio
1153 1772 1297 1839 ssupicatur

144 1845 218 1898 rurba
230 1845 333 1898 saluete
347 1843 437 1896 iter-
452 1841 456 1910 Ι
472 1861 520 1894 non
538 1841 576 1894 ad
591 1840 719 1894 Catullum
731 1843 867 1910 pertinere,
883 1840 928 1892 sed
937 1851 1042 1909 pariens
1058 1859 1111 1892 esse
1124 1840 1297 1912 espliralionis

142 1937 191 1986 qua
201 1919 325 1985 interpres
339 1915 483 1967 Vermis
495 1913 534 1966 ad
544 1912 640 1982 Vergili
651 1911 729 1964 uerba
743 1912 842 1965 iterum
855 1912 957 1964 saluete
969 1914 1098 1982 spectarit.

178 2143 221 2178 ιι.
258 2123 414 2176 omnam
474 2120 561 2189 opus
576 2121 603 2172 r
663 2119 769 2172 ominis
780 2118 954 2190 sasima
1024 2119 1178 2174 securorum
1192 2121 1296 2178 norro

141 2195 326 2266 Philippensis.

178 2284 220 2334 ²3·
257 2265 403 2320 NereosB
478 2260 774 2369 Hereoshlt’pillippmsis
854 2259 1058 2316 ErnesDam.
1065 2272 1111 2331 pr.
1188 2263 1295 2318 saluere

140 2387 202 2442 Phil
213 2391 219 2402 '
292 2389 315 2439 is
387 2383 496 2438 dumD
565 2384 692 2437 unnrrG
770 2387 858 2434 matre
871 2381 943 2436 Lala
1013 2389 1171 2438 nsatercett.
1242 2387 1295 2440 sal·

140 2467 205 2514 nete
243 2473 309 2511 eum
328 2472 403 2524 gens,
416 2472 434 2509 o
445 2456 518 2508 bona
536 2460 655 2508 matrum
667 2453 818 2520 Progenies
834 2453 938 2506 saluere
956 2453 1204 2526 iterum,1nrerpres
1218 2459 1294 2510 Vero·

140 2533 221 2584 nnsis
236 2531 274 2583 ad
286 2527 380 2598 Vergil.
394 2529 458 2580 Am.
472 2528 502 2580 V.
515 2531 558 2592 lio,
570 2525 604 2580 ab
616 2523 710 2578 Orellio
721 2527 747 2577 in
759 2524 861 2596 Eclogis
873 2523 975 2594 (1822)
987 2545 1046 2578 mox
1057 2537 1083 2579 el
1094 2526 1198 2596 Silligio,
1209 2529 1296 2581 deinde

139 2603 252 2671 Harpsio
267 2600 389 2653 laudam
401 2597 521 2668 (Quaest.
535 2595 629 2650 Catull.
642 2609 687 2666 pp.
700 2614 744 2662 44,
757 2593 816 2664 45.)
852 2597 1012 2666 Receperunt,
1023 2598 1069 2649 sed
1083 2613 1150 2663 gens
1166 2600 1193 2651 in
1208 2615 1295 2665 genus

139 2683 248 2740 mutulo,
268 2671 367 2723 Froehl.
386 2671 458 2737 fleys.
476 2669 593 2721 Lesetsch.
614 2669 747 2720 Frsehner.
764 2666 852 2719 Rossh.
874 2669 982 2721 Lachm.
998 2669 1034 2721 11.
1054 2669 1157 2722 Boehm.
1173 2668 1294 2740 (Quaesl.

139 2743 237 2797 Casull.
247 2755 277 2812 p.
289 2739 345 2810 ro,)
359 2741 444 2794 Frira.
456 2738 576 2793 Schwab.
649 2739 759 2790 Heroes
770 2739 873 2790 saluete
885 2738 968 2791 deum
981 2754 1047 2806 gens
1059 2755 1077 2792 ο
1089 2739 1162 2793 bona
1173 2747 1294 2796 matrum

140 2813 292 2881 Progenies
315 2812 419 2865 saluete
443 2811 552 2874 iterum,
576 2824 626 2863 uos
651 2809 812 2877 conpellabo
836 2811 984 2878 Madugius
1007 2811 1045 2863 ad
1068 2811 1119 2864 Cic.
1139 2812 1170 2863 de
1191 2813 1246 2865 lin.
1264 2816 1294 2869 V.

140 2901 203 2950 733.
234 2886 361 2954 Hauptius
379 2893 459 2935 emet
474 2881 595 2934 excidisse
612 2882 715 2934 tertium
735 2881 837 2932 saluete
850 2891 876 2932 el
893 2881 1044 2934 adiectiuum
1061 2882 1170 2950 aliquod,
1183 2884 1293 2938 Oriolius

138 2956 245 3008 saluete
263 2955 347 3007 deum
365 2969 440 3020 gem,
452 2951 619 3005 Rossbachius
636 2951 771 3018 adspirate
788 2952 906 3018 canenti,
919 2953 1051 3006 Boebmius
1067 2954 1218 3007 ads'ecliuum
1230 2957 1296 3023 quod

137 3028 178 3080 ad
189 3027 314 3079 Matrum
322 3024 539 3090 additumsuerit.
589 3029 668 3075 tuum
680 3038 773 3088 genus,
783 3037 801 3074 o
813 3022 886 3075 bona
896 3030 984 3076 nister
993 3025 1159 3091 C.Badham,
1168 3028 1195 3078 in
1205 3037 1293 3080 trans·

138 3098 234 3150 latione
242 3097 354 3166 Anglica
362 3096 480 3148 Theodmi
489 3096 600 3160 Martia,
611 3104 720 3146 matrem
729 3094 779 3146 dici
788 3103 888 3146 terram
897 3105 979 3147 ratus.
1000 3098 1055 3164 Ipse
1063 3115 1120 3148 cum
1127 3098 1293 3151 Lachmann

138 3171 184 3238 qui
200 3171 228 3221 in
245 3169 320 3221 cdl.
338 3185 437 3219 uersum
453 3166 491 3219 ad
498 3166 655 3234 fragmenta
673 3165 772 3217 rettulit
791 3165 901 3218 codicum
920 3165 1046 3218 lectionem
1064 3169 1164 3233 retinui,
1182 3179 1293 3222 matrem

137 3242 207 3293 enim
225 3241 300 3310 Argo
317 3239 367 3290 dici
384 3237 518 3308 corfirmal
537 3235 618 3306 Apoll.
636 3236 949 3302 Rhod.1V.r37o—1375
973 3236 1013 3288 Μ’
1033 3257 1078 3306 epu
1099 3236 1121 3290 δ’
1142 3238 1188 3291 οὐκ
1209 3239 1294 3308 ἄλλην

137 3313 344 3380 προτιόσσομαι,
364 3306 392 3376 ''l‘'
412 3308 462 3378 πὲρ
480 3307 560 3376 αὐτὴν
579 3307 636 3374 Νῆα
655 3306 752 3360 πιἍειν·
779 3303 795 3373 ἢ
816 3309 867 3377 γὰρ
888 3309 952 3360 κατὰ
973 3259 1063 3377 nullior
1083 3309 1151 3378 ἄμμε
1172 3309 1294 3379 φέρουσα

136 3379 247 3437 'Hunis
260 3379 431 3450 ἀργαλέοισιν
442 3377 520 3445 οἱζύιι
532 3377 690 3448 καμάτοισιν.
724 3377 758 3432 ib.
774 3383 841 3443 1387
854 3375 988 3444 Ἐμπεδον
999 3378 1130 3434 ἀθανάτων
1141 3379 1206 3434 ἴσον
1217 3379 1293 3450 αἷμα·

136 3473 193 3514 τος,
207 3449 263 3506 οἷον
274 3447 503 3521 ιἰσέστσνἜργον.

178 3541 221 3588 ι4.
257 3530 320 3591 post
332 3522 452 3575 carmine
464 3521 588 3629 Berglius
600 3518 721 3573 Schwab.
792 3519 953 3589 conpellabo
966 3521 1070 3575 DHOa.

178 3611 222 3658 25.
257 3595 339 3646 {liciis
353 3593 521 3646 BCDGHLa
534 3589 605 3644 La²h
693 3590 776 3644 retnis
789 3593 814 3644 V
892 3591 1019 3661 tethysl.
1102 3591 1215 3648 thetidis
1225 3595 1294 3648 acdh

135 3665 248 3719 tediso
329 3663 417 3717 taedis
428 3661 543 3716 Palladii
552 3663 590 3715 ed.
603 3665 680 3727 1496.

177 3739 221 3790 2⁶.
257 3735 403 3788 Thesallae
416 3735 500 3788 cossa
569 3733 694 3802 pelleuC
762 3734 865 3786 cumD
934 3733 1047 3802 quoml
1119 3735 1218 3804 iupiter
1228 3737 1293 3794 Cah.

178 3823 221 3871 27·
257 3807 424 3874 contempsit
435 3807 462 3860 h.

177 3883 221 3931 ²8.
256 3877 340 3930 tethis
356 3878 410 3929 AV
481 3876 696 3944 neptunineeni
703 3875 791 3941 fallor
860 3876 1030 3944 neptunnine
1041 3895 1108 3930 corr.
1121 3879 1292 3936 DPontanus

136 3951 167 4002 in
179 3951 282 4018 Ponrpis
294 3951 332 4002 ΙΙ.
347 3965 388 4014 ar,
402 3948 441 4000 ed.
453 3949 501 4001 Pr.
576 3950 834 4014 neptunneDam.
841 3959 886 4017 pr.
957 3949 1153 4016 neptumneab
1223 3967 1291 4022 nep-

135 4020 264 4074 runelih
371 4014 657 4086 neptineBLa¹La²V
753 4021 861 4072 accline
881 4021 914 4072 ul.
932 4020 1081 4087 neptian
1181 4024 1292 4079 nectine

138 4091 238 4145 ACLO
339 4090 496 4143 nectumine
513 4089 663 4142 Dresdensis
764 4089 939 4156 neptumled
1037 4091 1150 4146 nereine
1165 4095 1292 4164 Harplius

136 4161 260 4232 (Qrurest.
277 4160 371 4216 Casuli.
387 4171 416 4230 p.
430 4157 488 4228 71),
506 4161 578 4228 lleys.
599 4161 706 4213 Lachm,
719 4162 756 4213 11.
775 4160 912 4213 Froehlich.
931 4161 1015 4214 Frila.
1035 4162 1066 4215 L.
1084 4163 1201 4220 Mueller.
1216 4179 1243 4236 p.
1257 4187 1290 4234 49
1371 4217 1373 4222 ,

137 4233 262 4286 Schuuah.
298 4233 347 4284 Sed
361 4232 395 4298 cs.
408 4232 515 4298 Εὐηνίνη
527 4231 561 4283 ab
574 4235 670 4297 Εὔηνος
682 4229 729 4300 (Il.
743 4233 793 4285 IX.
808 4229 884 4300 553),
903 4231 1028 4300 Εὖκολίνη
1040 4233 1074 4286 ab
1087 4238 1201 4292 asnoios
1213 4235 1291 4306 (Gal-

136 4305 244 4371 linasr.
258 4301 317 4372 ⁶2),
329 4301 459 4370 Ὠκεανίνη
471 4302 505 4354 ab
516 4300 636 4358 Ὠκεανὸς
647 4301 765 4372 (Gallim.
778 4305 812 4357 ll.
823 4303 861 4356 ad
871 4303 988 4357 Dianam
1005 4321 1044 4371 13,
1058 4304 1116 4376 62),
1128 4317 1153 4360 el
1168 4310 1204 4362 sic
1218 4309 1292 4363 Glos-

136 4379 215 4430 saria
227 4375 368 4428 Oceanine
381 4373 484 4428 Oceani
497 4373 557 4428 filia.

178 4463 221 4512 29.
256 4445 340 4500 tethis
354 4447 380 4497 V
433 4445 538 4498 tetlsD
591 4443 736 4514 thethysG
789 4449 870 4499 {liciis
886 4445 1108 4503 Aacosrwod
1161 4449 1291 4506 thetima

138 4518 260 4587 neptish
331 4516 470 4584 concepsit
483 4517 519 4570 D.

688 4631 743 4698 <Ul
