3094 5052
539 403 763 468 CARMEN
794 403 902 468 xlvi.

318 593 483 658 Suffenum
505 597 617 657 omnia
638 594 789 678 colligam
811 615 950 680 uenena,

277 706 382 769 Acte
404 708 456 769 his
477 707 643 791 suppliciis
666 707 901 769 remunerabor.

217 872 237 908 o
280 843 344 907 Vos
366 845 443 908 hinc
466 846 590 907 interea
612 845 718 906 ualete
741 845 829 906 abite

321 955 411 1040 Illuc,
435 956 519 1020 unde
542 956 664 1018 malum
685 955 800 1038 pedern
821 953 993 1036 attulistis,

319 1069 422 1134 Saecli
445 1069 662 1153 incommoda,
685 1070 816 1152 pessimi
840 1077 965 1151 poetae.

669 1350 779 1415 xlvb.

320 1491 353 1556 Sr
376 1491 431 1574 qui
454 1491 537 1554 forte
560 1509 701 1554 mearum
725 1491 919 1573 ineptiarum

323 1603 476 1665 Lectores
498 1603 591 1664 eritis
614 1621 788 1684 manusque
812 1609 934 1663 uestras

323 1713 403 1776 Non
426 1715 595 1776 horrebitis
617 1713 787 1776 admouere
810 1714 916 1796 nobis,

409 1832 430 1876 s
604 1832 625 1876 a
800 1831 820 1875 s

151 2035 218 2088 ‘non
231 2037 351 2119 optimus
363 2035 521 2088 uideretur.⁹
547 2037 589 2103 Cf.
602 2035 734 2088 Plutarch.
747 2038 799 2089 ἃν.
807 2037 867 2118 ΧΧ
868 2037 925 2088 ΠΙ.
950 2037 1000 2088 Sed
1008 2055 1084 2104 qaum
1096 2035 1178 2120 salta
1187 2037 1300 2119 Roman·

151 2117 496 2240 limittit?
507 2106 809 2242 {malm
821 2117 990 2232 'Palati
1001 2107 1167 2244 sclua
1182 2107 1300 2230 lilla

152 2247 266 2313 Rutilus,
292 2247 417 2300 Plancius
438 2247 561 2313 Plancus,
581 2247 713 2300 Veranius
732 2248 863 2313 Vetanus,
882 2247 1034 2300 Turranius
1052 2248 1204 2314 Tucianus,
1216 2251 1301 2318 potat

151 2319 263 2371 Catullus
273 2319 397 2386 Aquinos
408 2329 456 2372 aut
462 2331 511 2387 per
521 2337 632 2370 errorem
645 2317 752 2370 scribere
762 2329 809 2372 aut
820 2319 885 2388 quod
895 2321 978 2388 magis
991 2319 1062 2371 credo
1068 2332 1118 2389 per
1126 2331 1300 2388 contemptum,

149 2391 354 2456 quemadmodum
366 2392 443 2442 etiam
450 2387 549 2458 plurali
561 2407 662 2442 nurnero
674 2408 732 2442 usus
743 2399 789 2442 est.

188 2478 226 2526 ¹9·
262 2460 397 2510 Stillenaur
425 2459 757 2513 BCGLa¹La²OVabchls²
888 2459 1020 2512 Sufferam
1038 2460 1142 2514 ADHL
1164 2479 1249 2530 marg.
1270 2459 1302 2512 h²

150 2550 233 2601 marg.
245 2532 266 2583 d
313 2529 452 2582 Suffenum
465 2531 532 2583 ded.
544 2532 591 2583 Pr.
603 2531 638 2596 cf.
650 2532 746 2583 XXII.
761 2547 771 2582 s
823 2529 932 2583 Suffena
944 2531 1080 2584 Mamilius
1094 2533 1168 2585 Conr.
1180 2533 1210 2584 de
1223 2531 1301 2586 Allis.

186 2620 226 2656 ιο.
266 2599 521 2683 ΗιινΧβΟΗΧΟΙνῗ
532 2621 618 2670 marg.
708 2603 745 2654 At
758 2601 819 2652 Dhb
890 2602 931 2654 Ac
943 2612 1000 2656 cett.
1071 2602 1157 2656 tibio
1251 2602 1302 2656 hiis

150 2672 227 2797 Obie.
264 2672 471 2796 tsriiiilicsnl’tilius
484 2741 550 2795 Scal.
564 2743 652 2795 Dousa
667 2743 694 2795 F.
708 2744 776 2796 Voss.
790 2741 861 2812 Vulp.
874 2744 948 2795 Conr.
961 2743 990 2795 de
1004 2742 1080 2796 Allia.

186 2831 227 2880 ²3·
266 2813 400 2867 Saeclibd
469 2811 593 2866 Siculih²
662 2814 764 2865 saecrrli
782 2823 839 2866 cett.
911 2813 1056 2866 incomoda
1067 2814 1112 2868 ab.

679 2897 774 2953 xtvb.

185 2972 220 3024 Hi
231 2990 320 3025 uersus
336 2991 392 3023 cum
407 2973 528 3024 caminis
540 2973 612 3024 XIV
619 2990 692 3024 uersu
707 2971 794 3024 altimo
805 2974 983 3024 continuantur
994 2973 1021 3024 in
1033 2971 1162 3025 codicibus.
1198 2973 1303 3025 Primus

150 3043 270 3112 Baptista
290 3043 428 3108 Guarinus,
445 3045 468 3094 si
475 3041 535 3111 filio
551 3042 682 3108 credimur,
703 3043 829 3094 Auantius
847 3045 870 3095 si
888 3043 998 3094 ordinem
1016 3045 1143 3110 sequimur
1158 3043 1302 3109 editionum,

151 3115 289 3167 translatos
310 3133 329 3165 a
350 3112 400 3165 loco
420 3131 465 3166 suo
479 3123 539 3182 post
558 3115 632 3166 ΧΠ.
648 3130 677 3178 13
695 3115 788 3182 posuit,
811 3131 914 3182 cumpca
932 3115 1010 3166 secuti
1027 3123 1087 3166 sunt
1109 3113 1170 3166 Ald.
1184 3115 1205 3166 1.
1225 3113 1300 3168 Alex.

151 3185 280 3238 Guarinus
293 3185 390 3237 Statius
403 3183 571 3254 (qrmmqrsam
585 3185 611 3236 in
624 3186 801 3254 commentario
812 3183 905 3236 aliems
917 3185 961 3235 hos
974 3203 1059 3237 uersus
1071 3204 1089 3238 a
1101 3204 1123 3236 c.
1135 3185 1167 3236 X
1166 3186 1205 3238 Π
1207 3184 1302 3254 putat)

150 3257 263 3326 Scaliger
275 3257 350 3308 Conr.
363 3256 392 3308 de
406 3253 482 3308 Allio.
519 3256 616 3308 Vossius
633 3256 795 3308 tetrastichon
801 3255 875 3320 facit
890 3255 977 3307 addito
990 3254 1128 3308 Pedicabo
1140 3271 1191 3321 ego
1206 3271 1256 3307 uos
1273 3261 1302 3308 ct

150 3327 297 3390 irrumabO,
309 3345 381 3394 quem
393 3345 491 3378 uersam
503 3344 578 3392 quum
590 3336 630 3378 ter
640 3327 747 3394 scriptus
759 3336 821 3377 esset
833 3326 881 3391 hic,
893 3327 968 3378 ΧΠ.
982 3343 1003 3389 1,
1015 3327 1090 3378 ΧΠ.
1104 3343 1143 3391 14,
1156 3345 1174 3379 a
1186 3325 1301 3379 libraria

150 3399 176 3450 in
187 3399 271 3450 media
283 3398 339 3448 sede
344 3399 460 3466 primum
469 3398 596 3462 omissum,
606 3415 665 3448 mox
677 3415 703 3448 co
715 3417 733 3448 a
741 3399 829 3464 prima
841 3398 964 3450 inuectum
969 3396 1054 3462 ficisse
1065 3406 1153 3450 censet.
1190 3397 1302 3450 Vossiam

150 3471 224 3521 secuti
247 3479 309 3520 sunt
331 3467 431 3536 Vulpius
457 3469 616 3536 Docringius.
662 3467 829 3519 Froelrlirbira
844 3469 917 3536 ponit
938 3478 998 3519 ante
1018 3469 1092 3520 ΧΠ.
1108 3484 1189 3519 ι-ιι
1214 3469 1303 3521 omisso

150 3550 234 3592 tamen
247 3541 323 3592 XVI.
335 3556 359 3603 a,
372 3538 464 3590 Aureli
476 3537 583 3606 pathice
596 3543 625 3590 et
636 3536 749 3590 cinaede
764 3538 837 3603 Furi,
849 3557 919 3606 quem
932 3557 1032 3590 uersum
1044 3557 1099 3590 cum
1112 3538 1186 3591 XVI.
1199 3556 1301 3603 12—14

150 3609 220 3662 alud
234 3613 397 3680 epigramma
412 3610 504 3680 fferre
519 3608 673 3662 arbitratur.
709 3607 849 3661 Pleitnerus
864 3619 889 3660 et
902 3609 1017 3661 Klotzius
1027 3620 1077 3678 pro
1093 3611 1230 3678 aequisque
1243 3621 1304 3662 ante

151 3682 186 3733 11.
202 3698 306 3746 11-13
362 3691 433 3746 nunt,
457 3679 549 3731 duobus
562 3679 723 3748 fragmentis
746 3682 774 3732 in
798 3699 875 3732 anum
896 3681 1047 3732 comunctis:
1071 3679 1214 3748 qulbsacum
1229 3681 1303 3746 jacit

152 3751 302 3805 &avarus
331 3753 434 3820 Quaest.
447 3748 540 3802 Catull.
552 3761 580 3818 p.
595 3747 662 3817 297)
698 3750 754 3818 Ego
770 3769 826 3801 cum
844 3752 933 3802 Paccio
949 3752 1051 3803 Perreio
1067 3749 1162 3819 Silligio
1179 3751 1303 3820 Spengelio

151 3821 191 3888 (in
206 3823 308 3875 Seebodi
322 3823 389 3874 Nou.
403 3822 494 3874 Chron.
507 3820 584 3872 Paed.
598 3825 664 3872 1828
674 3820 703 3886 fl
717 3821 761 3873 IV.
773 3832 801 3889 p.
815 3819 880 3889 122)
917 3822 1082 3874 Lachmanno
1094 3821 1204 3889 Hauptio
1216 3822 1303 3890 Heysio

152 3894 302 3946 Rossbacbio
318 3904 369 3961 pro
377 3893 530 3961 fragmento
546 3909 585 3942 eos
603 3891 681 3943 babeo
698 3893 819 3944 carsninis
837 3894 906 3944 cuius
928 3894 1045 3944 maxima
1060 3903 1127 3960 pars
1144 3895 1242 3945 amissa
1259 3895 1302 3947 sit.

152 3966 182 4016 ln
197 3966 241 4016 boc
255 3963 386 4016 Castellum
403 3963 474 4014 credo
490 3979 575 4014 uersus
592 3981 649 4014 suos
667 3961 801 4031 legentibus
819 3963 1002 4015 commendasse
1018 3973 1044 4014 et
1060 3981 1146 4016 orasse
1163 3965 1262 4017 waiam
1279 3967 1303 4017 si

151 4037 210 4102 quid
224 4034 392 4103 impudentius
410 4034 503 4086 dixisse
520 4034 587 4085 uisus
600 4033 694 4098 suerit.
731 4031 817 4084 Simile
838 4043 876 4085 est
896 4034 1026 4086 exordium
1047 4036 1168 4087 caminis
1187 4035 1303 4088 Bibaculi

151 4107 218 4174 apud
228 4107 328 4158 Sueton.
342 4107 461 4159 Gramm.
474 4102 556 4156 Illust.
570 4105 621 4156 XI.
639 4103 665 4154 Si
679 4103 739 4171 quis
751 4101 824 4156 sorte
836 4103 890 4156 mei
902 4103 1015 4156 domum
1028 4105 1149 4171 Catonis,
1161 4108 1304 4175 conparati

151 4197 168 4229 a
272 4176 316 4228 lio.

181 4178 293 4300 {draggk
305 4247 352 4315 qui
365 4247 426 4298 coni.
440 4247 544 4298 Paccius
558 4245 627 4314 apud
637 4242 791 4314 Spengelissm
807 4247 833 4298 in
846 4244 943 4297 Secbods'
956 4246 1022 4298 Nou.
1036 4247 1128 4298 Chron.
1141 4247 1218 4300 Paed.
1232 4253 1301 4299 1828

143 4319 226 4384 s.W.
233 4331 262 4388 p.
274 4335 333 4383 122,
346 4316 422 4370 ‘Nec
435 4332 539 4380 recuso,
550 4315 645 4383 inquit,
655 4315 720 4383 quin
734 4315 771 4368 ita
780 4331 891 4384 quoque
903 4315 1007 4369 faciatis
1019 4316 1141 4370 uersibus
1153 4318 1220 4370 meis
1232 4334 1302 4387 quos

152 4391 200 4442 ‘ut
212 4390 297 4441 malos
310 4387 483 4456 proiciatis,si
496 4387 542 4454 qui
554 4387 581 4438 in
594 4402 642 4438 eos
655 4385 818 4438 incideritis!
855 4387 892 4438 Et
905 4387 944 4439 hic
956 4387 1052 4454 quidem
1059 4398 1163 4456 partem
1174 4407 1213 4442 eos
1226 4389 1302 4444 babet

152 4463 272 4513 carrssinis
285 4461 375 4512 ΧΙΚε
387 4469 475 4528 postea
487 4457 558 4510 abeo
570 4459 676 4526 seiungit
688 4468 806 4526 utsupra
818 4457 882 4510 dixi.
954 4458 981 4510 Si
993 4473 1048 4528 qua
1059 4458 1181 4529 Scaliger.

189 4547 214 4595 3.
249 4545 408 4584 ammonere
420 4532 443 4582 L
457 4530 645 4584 Lachmannus.

698 4629 753 4678 ΕΖ
