3118 5054
217 389 277 448 xxii
608 387 966 452 PROLEGOMENA.

220 571 328 632 docent
347 572 476 646 numeri3
497 571 550 634 sed
567 572 672 634 horum
691 592 783 634 unum
799 592 865 634 esse
878 591 945 634 cum
960 573 1008 652 qui
1029 573 1060 632 in
1079 569 1228 632 codicibus
1248 588 1277 630 6.
1292 568 1361 648 (79)

219 673 356 750 sequitur,
373 671 457 744 Quem
470 679 559 732 tamen
571 675 663 750 maga
675 675 797 746 audem,
812 692 867 734 nec
881 691 978 751 perse
992 673 1145 733 uerisimile
1158 682 1211 742 est,
1226 669 1360 749 (stropha

219 771 299 830 enlm
320 771 421 830 melius
443 791 461 830 a
481 773 617 832 uocatiuo
639 773 739 849 incipit
762 771 904 850 Ombr'le)
925 791 980 832 nec
1001 771 1242 831 Lachmanniano
1264 768 1360 828 ordini

220 867 392 944 paginarum
414 869 560 930 conuenit.
602 869 649 929 Sic
669 870 750 928 enim
771 871 801 929 in
821 889 881 930 una
899 870 1006 947 pagina
1024 886 1126 929 uersus
1146 877 1214 928 sunt
1234 885 1281 942 31·
1323 865 1359 924 In

219 983 245 1024 c.
260 965 345 1026 LXV
363 966 569 1026 Lachmannus
590 978 657 1046 post
677 987 705 1028 u
721 971 749 1040 ⁶,
763 969 813 1028 ubi
833 968 958 1046 spatium
976 968 1062 1028 unius
1081 963 1195 1026 uersus¹
1213 966 1243 1024 in
1261 963 1361 1032 multis

220 1064 370 1124 codicibus
394 1065 525 1125 relictum
549 1077 601 1138 est,
627 1085 678 1126 sex
702 1087 804 1128 uersus
827 1068 935 1139 inserit,
958 1067 1100 1127 LXVIII.
1122 1085 1209 1138 21-4,
1232 1062 1307 1142 (93),
1331 1074 1360 1122 et

221 1160 285 1241 (92)
308 1161 360 1222 sed
384 1165 500 1224 mutatis
524 1165 621 1224 uerbis
641 1165 766 1224 Abstulit
787 1165 836 1224 ltn'
854 1167 885 1224 in
905 1164 1058 1242 Nunquam
1080 1183 1126 1241 ego
1147 1172 1179 1223 te.
1221 1162 1312 1234 Quod
1336 1161 1361 1219 si

219 1278 322 1320 uerum
343 1271 396 1332 est,
417 1271 553 1339 quattuor
576 1281 678 1322 uersus
703 1262 833 1323 Catullus
856 1275 900 1322 ter
924 1264 1044 1341 repetiit,
1065 1281 1134 1322 nam
1155 1261 1295 1321 LXVIII.
1313 1279 1361 1332 20,

222 1377 268 1428 22,
285 1377 333 1432 23,
350 1377 387 1430 24
406 1359 544 1420 iterantur
558 1361 645 1420 etiam
662 1361 691 1418 ln
708 1360 812 1420 eodem
826 1361 954 1421 carmine
968 1359 1043 1439 (92),
1059 1357 1174 1438 (94-6),
1188 1369 1219 1418 ut
1232 1361 1308 1418 bene
1323 1357 1362 1416 de

220 1473 257 1514 eo
278 1457 341 1533 ipse
362 1457 466 1516 dixerit
487 1457 695 1518 Lachmannus
718 1460 842 1534 ‘quibus
863 1460 996 1518 uersibus
1015 1459 1118 1535 aliquis
1142 1459 1179 1517 sit
1200 1476 1270 1517 usus
1290 1466 1362 1533 apto

220 1554 321 1626 ‘loco,
344 1555 466 1616 eosdem
489 1557 689 1617 inreuocatum
712 1557 814 1616 iterare
838 1567 867 1616 ct
890 1558 1026 1635 pauperis
1050 1557 1158 1633 ingenii
1182 1566 1226 1616 est
1247 1565 1277 1613 et
1297 1553 1362 1613 nul-

218 1651 298 1712 ‘lius
318 1653 444 1730 ingenii!
477 1653 605 1734 (Lucret.
625 1674 655 1733 p.
670 1653 731 1734 61.)
773 1654 844 1714 Post
866 1674 891 1715 c.
911 1654 1052 1715 LXVIII.
1068 1658 1106 1727 46
1130 1673 1198 1714 cum
1221 1654 1363 1714 nonnulla

219 1751 387 1824 exciderint,
408 1753 469 1812 iure
493 1753 633 1813 amissum
659 1771 777 1814 uersum
799 1755 926 1831 paglnae
953 1753 1125 1814 adnumerat
1145 1753 1362 1822 Lachmannus,

219 1869 397 1929 quanquam,
421 1861 453 1912 ut
480 1853 552 1912 mihi
578 1853 701 1926 uidetur,
726 1871 828 1913 uersus
855 1871 917 1912 non
944 1853 1042 1912 minus
1069 1863 1127 1912 tres
1155 1853 1361 1912 desiderantur.

219 1949 360 2012 Eiusdem
388 1952 523 2012 carmbtis
550 1953 624 2012 inter
648 1949 744 2032 (141),
766 1949 853 2032 (142)
877 1970 938 2012 non
962 1971 1058 2030 pauca
1080 1953 1261 2012 intercidisse
1284 1961 1362 2010 recte

220 2050 320 2110 sensit.
363 2047 421 2108 Sed
441 2048 488 2108 hic
509 2067 627 2126 quoque
648 2067 710 2110 non
731 2051 909 2128 respondent
927 2051 1040 2109 numeri
1061 2050 1241 2127 paginarum.
1283 2049 1362 2108 Nam

218 2165 312 2225 quum
332 2165 449 2206 uersum
468 2144 554 2227 (141)
574 2149 735 2208 secundum
755 2147 842 2208 faciat
862 2150 987 2225 paginae
1007 2152 1055 2221 66,
1074 2149 1122 2208 hle
1143 2159 1241 2208 autem
1261 2165 1363 2207 uersus

222 2245 390 2305 hexameter
410 2245 454 2316 sit,
469 2263 590 2306 necesse
610 2254 655 2304 est
675 2255 725 2306 aut
745 2247 891 2324 sequentis
905 2248 1030 2324 paginae
1047 2265 1149 2306 uersus
1168 2246 1314 2306 secundus
1334 2255 1363 2303 et

221 2345 285 2422 ipse
305 2344 472 2404 hexameter
493 2345 537 2416 sit,
552 2354 602 2404 aut
621 2345 715 2422 Impar
733 2346 783 2404 fiat
803 2364 942 2406 numerus
963 2365 1109 2407 uersuum.
1150 2347 1239 2423 Atqui
1260 2353 1362 2422 penta-

222 2452 314 2502 meter
327 2452 380 2502 est
422 2441 492 2502 Non
505 2444 592 2520 Igitur
607 2461 645 2520 30
659 2461 761 2504 uersus
775 2445 874 2504 habuit
887 2446 995 2523 pagina
1006 2449 1044 2504 66
1051 2441 1071 2505 ².
1112 2445 1264 2505 Postremo
1279 2453 1311 2503 ut
1324 2443 1364 2504 ad

222 2540 399 2617 transposita
412 2542 540 2601 cannIna
554 2541 677 2614 LXXV,
692 2541 822 2601 LXXVI
836 2545 996 2617 ueniamus,
1011 2545 1104 2621 potuit
1117 2544 1147 2603 id
1161 2543 1279 2622 quidem
1293 2542 1364 2614 fieri,

221 2639 255 2711 si,
270 2639 365 2700 scriba
382 2657 472 2717 quum
492 2640 523 2699 in
543 2640 601 2700 fine
620 2642 747 2718 paginae
762 2644 810 2717 67,
825 2642 872 2701 uel
892 2643 997 2719 potius,
1011 2651 1043 2702 ut
1061 2641 1290 2702 Lachmanniani
1309 2659 1363 2699 nu-

222 2738 295 2798 meri
308 2745 426 2814 cogunt,
442 2740 480 2796 68
496 2739 657 2816 scripsIsset
670 2739 803 2800 ultimum
816 2758 934 2800 uersum
948 2741 1083 2800 carminis
1097 2739 1235 2812 LXXIV,
1250 2740 1365 2800 duabus

223 2836 363 2914 proxImis
384 2837 499 2914 paginis
522 2839 570 2908 68,
590 2840 628 2914 69
644 2837 706 2918 (69,
728 2837 781 2917 7ο)
803 2838 942 2915 neglectis
965 2839 993 2898 h.
1006 2858 1031 2898 e.
1056 2838 1126 2898 lolio
1150 2856 1210 2898 uno
1234 2838 1365 2897 carmina

223 2933 593 2996 LXXVII-LXXXVII.
610 2959 627 3010 4
649 2938 816 2997 continente
837 2937 875 2998 ad
896 2938 1034 3015 paginam
1056 2950 1094 3013 7ο
1108 2934 1175 3016 (76)
1195 2937 1363 3007 transiisset,

223 3053 282 3114 qua
295 3035 453 3112 perscripta
467 3036 505 3096 ad
518 3038 642 3096 omissas
657 3039 781 3115 paginas
794 3055 927 3098 reuersus
941 3038 1033 3097 luerit.
1072 3035 1132 3096 Sed
1145 3040 1220 3097 bene
1233 3037 1366 3102 animad-

224 3134 309 3194 uertit
322 3131 482 3193 Boehmius
496 3135 621 3194 scribam
635 3145 698 3195 toto
712 3135 782 3196 lolio
797 3137 966 3214 perscripto,
976 3153 1038 3196 non
1048 3135 1169 3196 dimidio
1184 3145 1297 3195 tantum
1307 3136 1364 3212 he.

222 3233 340 3309 tn'gInta
352 3241 464 3292 tantum
478 3233 618 3306 uersibus,
634 3234 675 3293 sic
692 3235 803 3294 facilius
820 3235 857 3294 ad
870 3235 950 3312 prIus
969 3234 1070 3294 lolium
1089 3235 1247 3294 rediturum
1265 3234 1365 3294 luisse.

224 3329 271 3390 De
289 3331 410 3406 singulis
428 3330 501 3390 haec
520 3332 589 3391 satis
608 3343 692 3406 sunt;
713 3332 783 3393 illud
803 3334 834 3391 in
854 3333 1022 3392 uniuersum
1036 3343 1138 3392 conus
1152 3331 1365 3392 Lachmannia·

223 3446 296 3488 num
314 3427 493 3507 archetypon
512 3429 579 3489 addi
598 3439 703 3507 potest,
717 3431 798 3508 quod
814 3431 962 3491 titulorum
980 3432 1030 3508 qui
1049 3432 1225 3492 carminibus
1244 3432 1364 3508 praefixi

224 3535 292 3587 sunt
305 3525 414 3586 millam
429 3515 570 3587 rationem
584 3528 680 3589 habet
721 3529 811 3607 Atqui
824 3529 922 3589 titulos
941 3529 1119 3608 archetypon
1137 3530 1274 3590 babuisse
1293 3547 1364 3588 mon

226 3622 399 3686 uidebimus.

266 3721 362 3782 Aliam
384 3723 556 3783 sententiam
575 3724 693 3800 protulit
712 3723 854 3801 Bergldus
867 3743 956 3802 quam
971 3723 1129 3787 Boehmius
1151 3735 1180 3786 et
1200 3727 1366 3802 nuperrime

226 3818 422 3898 Westphalius
446 3821 574 3898 amplexi
597 3832 671 3894 sunt,
696 3824 750 3883 sed
773 3831 894 3899 uterquc
917 3841 953 3883 ex
981 3823 1079 3902 ailqua
1105 3835 1186 3902 parte
1214 3835 1365 3905 mutatam.

220 3917 340 3980 Omnes
354 3921 432 3979 enim
446 3921 607 3980 carminum
621 3920 981 3981 LXXIV—LXXXVIII
1000 3922 1079 3983 hunc
1097 3922 1205 3983 iaciunt
1222 3922 1366 3998 ordinem.

226 4179 363 4228 credendum
372 4180 401 4228 sit
413 4195 442 4228 ex
453 4183 589 4242 comparath
601 4182 663 4238 locis,
672 4184 711 4230 ubi
723 4184 752 4230 de
763 4191 854 4231 uetusto
866 4183 944 4231 eodIce
955 4183 1061 4246 loquitur,
1072 4183 1157 4232 facilius
1168 4182 1291 4246 apparebit.
1317 4183 1366 4230 llos

229 4263 342 4326 congessit
354 4262 485 4310 Schwaqus
496 4263 519 4310 in
532 4265 608 4312 lndice
619 4265 734 4313 Scolarum
747 4267 882 4328 Dorpatensi
894 4267 946 4313 anni
962 4265 1031 4328 1865,
1047 4283 1084 4330 pp.
1099 4279 1136 4324 12,
1150 4278 1187 4329 13.

262 4343 270 4372 ¹
286 4345 340 4392 Eius
351 4345 389 4405 qui
401 4345 424 4392 in
435 4345 484 4393 aliis
495 4346 525 4392 sic
537 4347 619 4410 legitur
630 4348 754 4412 Alloquor,
765 4350 861 4398 cufim
872 4365 990 4412 nunquam
1000 4358 1040 4397 tuo
1092 4349 1237 4412 loquentem?

262 4425 273 4454 ¹
289 4427 411 4490 Boehmius
423 4429 518 4489 Quaen.
533 4444 555 4490 p.
565 4429 588 4478 8.
