3074 5066
523 326 752 387 CARMINVM
778 327 967 388 CATVLLI.
1262 333 1322 388 225

153 506 278 566 idcirco
303 507 470 567 Porsonum
495 518 631 584 putemus
658 510 728 568 nihil
756 513 918 587 reperisse?
960 509 1059 570 Nemo
1079 511 1159 568 euim
1180 519 1322 579 ueterum,

154 617 190 662 ut
223 607 342 682 opinor,
366 619 468 666 notum
496 608 566 666 illud
589 608 668 684 apud
693 609 837 684 Tragicos
861 621 894 668 ut
914 610 1007 686 quinti
1035 610 1119 685 pedis
1142 609 1322 668 senariorum

153 703 293 779 primam
320 705 464 781 syllabam
492 708 671 781 corriperent
699 707 723 765 si
752 708 875 766 creticus
903 717 1080 782 sequeretur,
1108 717 1158 765 aut
1186 707 1259 765 scire
1287 725 1320 766 se

154 801 317 875 professus
347 813 391 860 est
413 813 463 860 aut
488 805 643 880 quicquam
672 806 709 863 de
732 822 769 863 eo
791 806 946 880 praecepit
990 803 1128 864 Poterant
1152 806 1240 864 etiam
1265 805 1321 862 alia

153 898 266 956 latere.
315 899 397 970 Quid
424 911 522 959 autem
548 901 659 960 facilius
682 919 773 978 quarn
793 903 980 977 partitionem
1002 902 1157 977 neglegere
1181 920 1319 960 uersuum

155 999 214 1072 qui
239 1015 300 1055 non
322 1000 440 1057 mutatis
461 999 600 1070 numeria,
615 1000 668 1057 sed
682 1000 746 1058 sola
765 1001 909 1057 sententia
922 1000 1187 1074 distinguerentur?
1230 999 1320 1057 Tales

154 1096 275 1154 multos
290 1097 380 1154 luisse
395 1097 443 1155 uix
461 1099 598 1174 cuiquam
620 1098 709 1156 credo
730 1099 852 1156 dubium
869 1097 931 1155 sore
951 1098 1001 1173 qui
1021 1097 1150 1172 perlecto
1165 1096 1319 1171 Hephaes-

155 1193 245 1251 tione
271 1193 310 1251 ad
336 1193 507 1269 Lyricorum
532 1194 695 1270 fragmenta
722 1213 754 1252 se
779 1193 940 1251 contulerit.
983 1192 1119 1263 Quorum
1146 1203 1227 1249 tanta
1251 1209 1319 1268 pars

154 1291 297 1350 uersibus
320 1293 466 1365 ἰσομέτροις
487 1294 595 1368 scripta
616 1302 661 1350 est
682 1302 791 1369 quanta
812 1291 939 1368 strophis
962 1291 1085 1349 omnino
1107 1291 1234 1348 caruisse
1256 1307 1318 1357 non

157 1389 299 1446 uincitur.

202 1488 249 1546 Ex
265 1489 347 1547 libris
363 1488 499 1564 Sapphus
514 1507 590 1548 unus
604 1499 678 1548 teste
694 1488 796 1547 Seruio
818 1486 856 1547 ad
871 1487 982 1562 Georg.
1003 1487 1026 1546 Ι.
1038 1505 1073 1562 3¹
1096 1487 1252 1563 inscriptus
1274 1499 1319 1546 est

157 1583 369 1662 Epithalamia.
412 1586 509 1645 Huius
537 1605 599 1646 non
626 1606 721 1662 pauca
749 1597 905 1662 supersunt
933 1585 1104 1662 fragmenta,
1133 1585 1318 1654 hexametris

158 1685 350 1754 choriambis,
364 1685 479 1756 iambis,
500 1685 563 1744 aliis
586 1686 685 1743 metris
709 1685 883 1762 conscripta
927 1683 1045 1743 Homm
1059 1683 1170 1740 nullum
1192 1681 1318 1757 strophis

157 1785 290 1842 caruisse
305 1783 352 1840 uel
371 1795 448 1841 certe
463 1789 613 1856 περικοποῐο
630 1785 689 1841 suis
703 1783 840 1841 credibile
855 1792 918 1841 est:
940 1781 1121 1857 Hymenaeis
1135 1781 1223 1848 enim,
1237 1779 1317 1856 quod

157 1899 256 1958 genus
280 1883 445 1940 carminum
469 1899 487 1938 a
511 1882 609 1940 multis
631 1883 656 1940 si
680 1882 761 1958 quod
789 1882 867 1940 aliud
890 1882 1041 1940 recitatum
1063 1893 1107 1938 est
1134 1880 1227 1956 iisque
1255 1898 1317 1938 non

160 1999 282 2058 semper
303 1983 333 2038 in
355 1981 462 2040 eodem
483 1981 550 2040 loco
573 1983 724 2052 stantibus,
750 1999 826 2058 opus
847 1991 908 2039 erat
929 1981 1084 2057 partitione
1109 1981 1236 2056 quadam
1258 1998 1318 2056 qua

157 2079 366 2138 alternantium
381 2089 479 2138 motus
493 2080 540 2138 uel
555 2081 806 2155 progredientium
821 2075 1013 2154 regerentur¹.
1045 2078 1133 2136 Vnde
1149 2096 1209 2136 non
1225 2077 1317 2136 Grae-

158 2195 264 2234 corum
288 2187 402 2235 tantum
426 2177 564 2253 nuptialia
588 2179 718 2235 carmina
739 2196 794 2235 nec
817 2177 973 2252 lyricorum
995 2187 1107 2234 tannim
1129 2177 1159 2232 in
1181 2176 1315 2252 strophas

159 2283 228 2332 sunt
244 2274 358 2346 diuisa;
382 2275 434 2333 sed
450 2285 479 2333 et
492 2274 642 2333 Theocriti
657 2275 787 2332 Helenes
803 2273 1031 2350 Epithalamium
1045 2274 1125 2350 quod
1139 2273 1315 2332 hexametris

158 2374 302 2448 scriptum
320 2383 372 2442 est,
388 2383 417 2431 et
431 2371 535 2431 Catulli
554 2393 578 2432 c.
594 2372 674 2443 LXI,
689 2371 776 2432 LXII
798 2390 922 2449 quorum
945 2373 1024 2449 prius
1042 2372 1201 2448 glyconeis,
1216 2381 1314 2446 poste·

158 2473 218 2531 rius
243 2473 421 2530 hexametris
446 2473 620 2549 composuit,
642 2483 672 2531 et
694 2473 822 2532 Senecae
844 2473 1035 2550 Hymenaeus
1060 2473 1090 2530 in
1112 2471 1219 2530 Medea
1240 2469 1315 2546 (56-

162 2569 234 2648 115)
257 2579 287 2628 et
313 2569 466 2628 Claudiani
489 2589 592 2629 uersus
620 2571 763 2646 nuptiales
791 2581 853 2629 rata
880 2571 1008 2647 quadarn
1036 2571 1235 2628 distributione
1263 2587 1314 2628 co-

157 2677 278 2742 grurtur.
320 2667 425 2743 Itaque
441 2667 576 2744 Sapphus
590 2668 663 2726 liber
678 2681 708 2726 ut
722 2668 814 2726 multa
832 2668 969 2744 amplecti
988 2669 1082 2742 potuit
1097 2669 1167 2742 ipsis
1185 2670 1313 2727 numeris

157 2766 187 2822 in
209 2775 310 2841 partes
328 2783 395 2822 suas
417 2765 558 2836 ordinata,
573 2767 613 2824 ita
634 2769 759 2836 ῖοόμοτρο
780 2768 924 2842 quaedam
946 2766 1061 2824 uidetur
1078 2765 1222 2836 habuisse,
1238 2785 1313 2842 quae

156 2881 194 2920 ne
210 2863 275 2938 ipsa
289 2862 409 2938 quidem
424 2865 485 2922 siue
500 2864 626 2939 strophis
642 2867 782 2922 carebant
796 2867 856 2923 siue
872 2875 951 2924 certa
961 2865 1164 2940 aequabilitate
1178 2865 1314 2940 partium.

156 2961 324 3020 Coniectati
339 2971 408 3020 sunt
421 2962 478 3020 hoc
499 2963 536 3020 de
550 2961 726 3021 hexametris
741 2963 803 3021 eius
818 2961 941 3042 (Sapph.
957 2961 990 3020 sr,
1006 2981 1054 3037 92,
1065 2982 1113 3040 93,
1125 2983 1173 3036 94,
1186 2961 1238 3040 95)
1255 2963 1311 3022 iarn

155 3059 361 3118 Rossbachius
376 3071 406 3118 et
419 3058 648 3135 Westphalius²;
670 3061 723 3118 sed
738 3061 816 3120 idem
830 3060 915 3119 latius
929 3062 1057 3138 patuisse
1072 3063 1203 3120 arbitror.

357 3211 454 3274 Ὀλβιε
467 3213 569 3284 γάμβρε
585 3211 629 3266 σοὶ
642 3212 690 3278 μὶν
702 3211 734 3280 δὴ
747 3213 838 3282 γάμος,
853 3213 887 3268 ὡς
900 3212 975 3282 ἄροιο,

363 3308 537 3370 imerfhem?
551 3311 620 3380 ἔχεις
633 3309 662 3363 δὲ
676 3309 803 3381 πάρθινον
816 3309 848 3362 dv
861 3309 933 3380 ὄρσο.
947 3377 951 3384 Ι
1002 3305 1035 3364 sr.
1051 3326 1099 3381 99.

154 3453 196 3512 Hi
219 3470 324 3512 uersus
345 3451 568 3528 quodammodo
589 3450 739 3526 stropham
760 3450 807 3508 uel
828 3451 969 3523 περικοπὴν
989 3449 1125 3520 efficiunt,
1140 3469 1309 3528 quanquam

154 3569 216 3610 non
230 3569 312 3626 nego
331 3568 399 3608 cum
420 3550 483 3608 aliis
498 3567 550 3607 eos
570 3549 708 3624 coniungi
724 3549 852 3623 potuisse
867 3549 917 3624 qui
932 3549 1062 3606 dissimili
1076 3561 1170 3608 metro
1185 3549 1311 3609 consecti

155 3659 265 3708 essent.
309 3647 451 3706 Eiusdem
465 3649 582 3723 generis
597 3657 665 3704 sunt

360 3796 407 3869 rip
421 3792 458 3864 α’,
473 3793 494 3848 b
507 3795 571 3863 φίλε
585 3793 695 3866 γᾶμβρε,
709 3795 794 3852 κάλως
807 3795 939 3865 cindados,

361 3892 454 3963 ὅρπακι
468 3891 583 3966 βραδίνῳ
597 3912 629 3945 σε
642 3891 750 3960 μάλιστ’
766 3892 886 3948 eieciebat.
951 3895 1048 3964 (104).

153 4037 233 4095 Nihil
249 4037 318 4095 dico
337 4035 374 4093 de
390 4035 489 4094 Alcaei
507 4035 685 4111 fragmentis,
700 4035 752 4094 sed
766 4035 844 4095 hunc
859 4055 978 4114 quoque
995 4039 1149 4110 ῖοομέτροοο
1170 4038 1306 4114 strophas

152 4136 305 4212 scripsisse
324 4153 360 4192 ex
375 4133 479 4208 fragm.
493 4147 541 4206 37,
554 4153 602 4210 39,
617 4153 666 4205 41,
682 4137 719 4206 84
735 4136 796 4192 ueri
811 4136 902 4195 simile
918 4147 970 4194 est.
1014 4134 1098 4194 Haec
1113 4137 1192 4194 enirn
1206 4140 1308 4200 omnia

403 4365 410 4393 ¹
427 4365 598 4428 ctwestphat.
611 4368 705 4414 catull's
716 4367 830 4414 Gedichte
842 4369 957 4416 liberarat
969 4385 992 4430 p.
1006 4381 1060 4433 ²3¹·

402 4446 413 4475 ¹
429 4449 522 4496 Griech.
535 4448 624 4496 Metrik
636 4449 665 4496 ll.
678 4465 700 4509 p.
712 4459 749 4507 ²7·

705 4553 762 4617 ⁶8
