3136 5060
611 397 668 455 An
696 397 900 471 xxxv11.4.
1266 403 1325 458 319

225 573 367 651 Scrplum
388 579 418 635 iu
438 579 554 653 quodam
574 581 767 637 commentario
786 582 902 656 repperi,
915 599 1013 638 uersres
1034 583 1099 640 istm
1114 601 1133 639 α
1154 579 1271 658 Vergilio
1289 585 1329 640 ila

176 677 302 748 mimum
315 695 371 734 esse
383 679 507 736 recelalos
520 685 601 753 alque
614 679 718 736 edelar:

326 831 449 892 Talem
469 833 569 894 diues
590 844 664 893 arat
685 833 807 912 Capua
827 844 860 893 et
880 836 1000 895 uicina
1020 836 1161 895 Veseuo

327 931 419 991 Nola
438 933 540 1009 iugo;

179 1095 273 1164 postea
301 1088 451 1166 Vergilium
468 1091 567 1165 petisse
589 1111 608 1149 a
630 1089 761 1162 Nolam's,
785 1109 886 1166 aquam
908 1093 954 1149 uli
972 1092 1079 1150 dame
1096 1094 1126 1150 in
1141 1095 1327 1170 propinquum

185 1206 244 1260 rus,
258 1185 385 1247 Nolanos
397 1189 551 1265 berseficcum
564 1191 679 1264 pele'lum
696 1189 869 1266 nauseasse,
880 1197 986 1266 poetam
1000 1191 1129 1270 offensum
1142 1211 1236 1250 nomen
1249 1194 1330 1252 urbis

185 1305 287 1359 earum,
314 1290 398 1364 quasi
423 1306 463 1346 ex
492 1288 631 1346 homiuum
661 1291 800 1360 memoria,
827 1291 868 1347 sic
894 1305 934 1346 ex
959 1292 1083 1348 carmine
1108 1309 1158 1349 suo
1184 1292 1327 1363 derasisse,

185 1386 341 1463 ‘oram'que
347 1397 403 1462 pro
417 1386 521 1446 ‘Nola'
536 1393 745 1463 mutassentque
758 1390 798 1446 ila
812 1388 954 1464 reliquisse
962 1407 974 1444 .·

833 1557 867 1606 et
887 1547 1005 1606 uicina
1024 1547 1165 1608 Veseuo

328 1627 398 1688 Ora
419 1628 512 1705 iugo.

186 1775 236 1835 Ea
256 1797 301 1835 res
322 1797 423 1835 uerone
442 1799 481 1836 an
489 1777 578 1855 salsa
597 1779 641 1849 sil,
657 1797 709 1836 non
728 1777 846 1846 laboro,·
867 1779 936 1854 quin
952 1785 1041 1836 lamen
1054 1780 1150 1837 melius
1162 1781 1328 1856 suauiusque

186 1877 228 1934 ad
246 1878 327 1935 aure's
347 1879 387 1934 sil
409 1895 481 1948 ora,
502 1895 582 1950 meam
604 1876 707 1947 Nola,
728 1877 838 1935 dubeiem
861 1878 894 1934 id
914 1896 967 1934 non
981 1883 1026 1935 esi.
1068 1876 1148 1936 Nam
1172 1879 1274 1936 uocalis
1297 1879 1327 1936 in

180 1976 277 2051 priore
298 1993 382 2032 uersu
405 1981 531 2032 extrema
555 1975 694 2050 eoderaque
717 1977 747 2032 in
767 1977 888 2050 sequmli
903 1977 998 2050 promo
1020 1994 1121 2032 canoro
1142 1975 1228 2032 simul
1248 1982 1328 2051 atque

185 2074 304 2132 iucundo
327 2073 406 2131 hiatu
429 2075 541 2131 lraclim
564 2080 650 2132 sonat.
700 2071 757 2130 Esl
778 2073 843 2130 adeo
867 2074 991 2129 sicumare
1013 2074 1090 2147 apud
1114 2073 1212 2131 nobeles
1233 2080 1327 2148 poetas

185 2173 371 2230 huiuscemodi
386 2173 535 2230 suauilalis
555 2172 650 2241 mulla,
664 2189 733 2244 quae
752 2178 887 2246 appareat
905 2179 1009 2230 nauata
1030 2191 1091 2242 esse,
1111 2190 1164 2228 non
1173 2172 1326 2249 sorlmia,·

185 2273 236 2330 sed
244 2279 360 2348 praeter
380 2279 478 2330 ceteros
498 2273 586 2328 omnis
605 2270 682 2345 apud
698 2269 851 2328 Homerum
866 2271 1004 2345 plurima.
1053 2269 1108 2328 Vno
1121 2272 1216 2346 quippe
1228 2272 1259 2328 in
1272 2271 1328 2328 loco

186 2373 254 2430 lales
267 2378 374 2447 lamque
386 2371 492 2428 uranus
504 2371 610 2428 sons'lus
623 2372 654 2426 in
666 2371 787 2428 assiduis
801 2370 909 2428 uocsmes
915 2369 1152 2448 pluribussacil:

388 2529 422 2585 'H
444 2529 471 2585 δ’
492 2529 582 2600 ἑτέρη
603 2529 690 2599 θέρσῖ
708 2530 837 2601 προρέει
859 2505 959 2584 eleota'
979 2531 1099 2602 χαλάζῃ

381 2627 422 2684 Ἢ
442 2631 528 2702 χιόνι
548 2629 659 2701 ψυχρῇ
680 2627 695 2699 ἢ
716 2629 751 2699 ἐξ
770 2626 885 2685 ὕδατος
905 2630 1108 2703 κρυστάλλῳ,

185 2794 266 2863 alque
278 2788 339 2844 ilem
352 2785 409 2843 aleo
421 2786 476 2843 loco
484 2804 496 2841 .·

388 2931 470 2983 Λᾶαν
490 2926 550 2982 ἅνω
570 2926 688 2982 ὤθεσκε
709 2928 782 2982 ποτὶ
800 2928 916 2994 λόφον.

229 3083 359 3145 Calidius
371 3101 473 3160 quoque
485 3083 701 3160 elegantissimus
710 3089 853 3157 poetarum
867 3083 897 3140 in
910 3081 983 3140 hisce
995 3079 1142 3140 uerss'lus:

409 3232 572 3292 Minister
592 3231 704 3291 uetuli
725 3249 809 3307 puer
830 3229 969 3289 Falerni

408 3331 513 3407 Inger
534 3331 578 3389 mi
599 3330 728 3388 calices
750 3330 954 3399 amariores,

408 3431 453 3488 Vt
473 3429 528 3488 lex
550 3427 751 3488 Postumiae
773 3428 869 3487 iubet
889 3429 1078 3504 magistrae
1186 3505 1189 3516 ¹

408 3528 558 3587 Ebriosa
578 3529 679 3587 acina
699 3527 920 3599 ebriosioris,

185 3709 245 3748 mm
269 3689 358 3746 dicere
380 3687 508 3745 ‘ebrioso’
524 3693 614 3762 posset
635 3693 667 3757 el,
687 3687 761 3762 quod
780 3691 843 3743 erat
863 3687 1001 3756 use'lalzies,
1024 3683 1160 3744 ‘cauum’
1181 3686 1211 3742 in
1231 3690 1327 3742 neutro

180 3805 279 3862 gessere
311 3786 456 3860 appellare,
486 3803 585 3842 amans
618 3790 706 3842 lamen
740 3782 835 3840 lsi'alus
869 3783 947 3840 r‘llr'su
977 3781 1124 3840 Homerici
1153 3784 1326 3850 suausiatem,

184 3885 349 3943 ‘ebriosam'
363 3884 444 3941 deluit
455 3889 567 3958 propter
587 3883 749 3957 eissequenlis
769 3900 789 3938 a
809 3882 904 3938 literae
924 3887 1084 3939 carceralem.
1128 3879 1188 3952 Qui
1205 3879 1325 3938 ‘ebrios’

183 3990 272 4042 aulon
298 3982 439 4043 Catullum
468 3983 575 4040 dius'sse
595 3987 701 4056 putant
724 3988 776 4038 aul
795 3980 947 4050 ‘ebremou'
969 3999 1034 4038 uam
1058 3981 1091 4038 id
1109 3998 1211 4055 quoque
1232 3986 1328 4037 lmen

182 4085 315 4157 scriplum
338 4083 487 4152 eimmolur,
511 4082 540 4138 in
562 4079 647 4137 libros
669 4079 770 4137 scilicet
790 4079 822 4136 de
844 4080 984 4153 corruptis
1007 4077 1210 4153 exemplaribus
1226 4077 1327 4156 socios

182 4183 344 4240 sisctdcrunl.

226 4323 347 4383 Secutus
362 4341 427 4381 sum
441 4322 599 4381 editionem
610 4296 716 4379 Hertzi
725 4319 898 4396 postulante,
908 4326 940 4376 ut
953 4317 1074 4387 uidetur,
1086 4317 1229 4376 sententia
1239 4315 1325 4376 Gelli.

185 4423 310 4482 Codices
337 4422 466 4498 plerique
494 4419 602 4478 habent
630 4418 771 4494 Ingere,
802 4415 951 4475 Ebriose
986 4417 1088 4474 acino
1118 4415 1230 4490 (aeine
1257 4414 1324 4472 cod.
