3094 5052
530 367 748 431 CARMEN
781 365 948 431 XXXVII.
1274 372 1316 432 55

257 557 289 634 β’
334 553 417 615 Solis
441 555 564 636 putatis
587 572 657 615 esse
680 553 842 616 mentulas
864 555 968 636 uobis,

377 666 459 729 Solis
482 666 591 749 licere,
613 667 765 749 quicquid
788 679 837 730 est
860 668 1048 751 puellarum,

378 776 579 840 Confutuere
601 789 635 840 et
659 788 769 862 putare
792 788 917 842 ceteros
940 779 1069 844 hircos?

256 915 299 994 β”
337 915 402 998 An,
425 916 634 978 continenter
656 916 739 998 quod
762 917 884 980 sedetis
907 917 1020 980 insulsi

377 1025 523 1089 Centum
544 1045 587 1089 an
610 1027 756 1110 ducenti,
779 1047 846 1090 non
869 1029 990 1111 putatis
1012 1046 1160 1089 ausurum

375 1137 433 1202 Me
457 1159 522 1202 una
542 1139 699 1202 ducentos
723 1139 874 1201 irrumare
896 1141 1059 1202 sessores?

258 1276 296 1342 d'
332 1277 432 1360 Atqui
456 1285 586 1361 putate:
622 1297 759 1360 nmnque
782 1279 885 1340 totius
907 1279 998 1340 uobis

374 1389 528 1452 Frontem
551 1389 704 1452 tabernae
727 1389 948 1474 scorpionibus
970 1389 1118 1452 scribam.
1162 1445 1165 1452 .
1285 1419 1313 1451 ιο

215 1557 285 1635 BH
330 1553 441 1616 Puella
463 1573 540 1617 nam
563 1556 621 1639 mi,
643 1575 724 1638 quae
747 1574 820 1618 meo
842 1557 915 1618 sinu
938 1555 1033 1637 fugit,

377 1669 495 1730 Amata
516 1677 647 1730 tantum
668 1685 824 1756 qunntum
846 1668 1007 1730 amabitur
1030 1668 1129 1750 nulla,

373 1779 432 1844 Pro
453 1801 516 1864 qua
538 1783 618 1844 mihi
642 1792 716 1844 sunt
742 1801 858 1866 magna
880 1783 965 1844 bella
987 1793 1138 1867 pugnata,

252 1919 293 1994 β’
329 1917 490 1982 Consedit
515 1922 600 1983 istic.
645 1919 742 1986 Hanc
766 1920 842 1982 boni
867 1920 1016 2003 beatique

374 2032 498 2095 Omnes
519 2035 649 2116 amatis,
671 2042 703 2096 et
726 2033 869 2117 quidem,
888 2034 971 2117 quod
993 2034 1163 2118 indignum
1186 2045 1249 2118 est,
1282 2065 1309 2110 15

371 2144 497 2207 Omnes
520 2146 626 2229 pusilli
652 2155 685 2207 et
707 2147 867 2209 semitarii
890 2145 1040 2228 moechi3

191 2437 213 2484 ς.
249 2420 371 2472 mentula
386 2421 444 2472 AL.

188 2507 212 2554 5.
250 2489 403 2542 Confutere
417 2489 701 2544 ABCGHLa¹La²OV
794 2491 939 2544 confuture
954 2493 982 2544 D
1082 2493 1244 2547 confutuere
1256 2497 1308 2548 hab

152 2561 265 2684 25:273
280 2631 319 2684 Ob
352 2559 450 2628 hyrcos
463 2561 561 2614 BCGV
637 2560 870 2615 esseansehircos
882 2563 1057 2616 habentBVh.
1096 2566 1198 2618 Versum
1210 2567 1307 2620 delebat

175 2651 194 2683 a
232 2634 267 2682 'us
318 2651 341 2683 s.
355 2636 397 2694 84.

186 2705 211 2754 ⁶.
249 2701 414 2754 AtBPhill‘
473 2705 507 2754 sis
580 2701 864 2757 continenturLa¹0a
936 2705 1020 2772 quib.

186 2789 211 2836 7.
248 2779 296 2824 aut
307 2792 339 2824 ac
351 2772 524 2844 Philippensis
596 2773 742 2826 hausurum
755 2776 789 2827 H.
924 2787 927 2800 ·

187 2849 211 2896 8.
249 2842 300 2896 Me
312 2843 409 2895 delebat
422 2845 551 2895 Fsutesius
564 2845 590 2896 in
601 2844 707 2914 epistula
719 2845 757 2897 ad
768 2847 913 2899 Cauterum.

185 2932 210 2980 9.
246 2915 340 2988 Atque
352 2915 432 2988 DHI.
519 2921 644 2982 putarea
728 2931 836 2984 nanque
850 2918 909 2970 CHc
980 2933 1043 2970 nam
1057 2919 1085 2970 D
1155 2921 1243 2972 tocius
1255 2922 1288 2974 B.

186 3003 228 3038 10.
260 2979 415 3046 ropionibus
435 2985 833 3040 Ancnocuaualos's'ma
847 2989 944 3040 Vossius
1026 2989 1190 3057 scipionibus
1203 2991 1247 3043 Hb
1260 2993 1303 3044 Vu·

151 3053 206 3122 (qui
229 3055 305 3108 babes
329 3059 356 3108 in
380 3075 466 3126 marg.
491 3057 678 3124 scorpionibus
700 3057 740 3109 uei
756 3057 927 3126 sopionibus)
946 3059 983 3112 ed.
1000 3063 1047 3113 Pr.
1071 3060 1130 3112 ΑΜ.
1145 3062 1167 3114 Ι.
1185 3063 1302 3114 Muretus

150 3127 245 3179 Statius
258 3126 373 3196 Scaliger
383 3129 428 3180 sed
437 3125 509 3179 dubie
521 3127 595 3180 Cour.
607 3129 637 3179 de
651 3127 719 3180 Allis
731 3129 808 3182 Doer.
822 3129 875 3181 Sili.
888 3130 1009 3182 Schwab.
1074 3132 1261 3198 scorpionibus
1272 3133 1302 3185 bc

150 3199 329 3250 lachmanws
355 3198 522 3250 Froehlichius
547 3200 642 3268 Haupt.
661 3199 749 3252 Rossb.
891 3200 1061 3266 sopironibus
1085 3205 1185 3254 coniecit
1204 3205 1301 3256 Vossius

148 3271 189 3336 qui
206 3280 292 3321 tamen
314 3269 470 3337 sopionibus
489 3288 522 3320 ex
540 3271 653 3321 Petronii
671 3268 722 3322 Ioco
741 3280 856 3340 comspta
873 3290 895 3324 c.
916 3273 1016 3323 XXIV
1029 3270 1200 3343 (Buecheler.)
1218 3285 1302 3328 tuetur

149 3339 339 3406 scriptionibus
363 3339 500 3392 Marcilius
525 3341 558 3392 H.
583 3340 616 3392 A.
642 3341 748 3393 Kochius
872 3341 1013 3394 titionibus
1037 3343 1160 3412 Scioppius
1185 3346 1300 3399 Verisim.

150 3411 184 3462 ΙΙ.
200 3428 241 3474 14.
254 3423 285 3480 p.
299 3416 347 3462 118
438 3409 611 3477 scoplonibus
623 3412 739 3464 Heinsius
823 3412 1012 3480 sponsionibus
1030 3415 1140 3482 Heysius.
1178 3416 1237 3468 Vide
1253 3436 1298 3468 ex·

148 3499 257 3533 cursum.

185 3569 225 3604 ιι.
258 3562 302 3597 mc
323 3551 414 3604 codices
485 3552 522 3604 mi
535 3553 650 3605 Heinsius
664 3552 717 3606 Sili.
730 3554 825 3622 Haupt.
838 3553 910 3620 Heys.
923 3553 1011 3606 Rossb.
1082 3555 1136 3608 mei
1149 3555 1299 3609 Schuuabius

148 3623 180 3688 cs.
193 3623 315 3674 LXXII.
328 3625 353 3688 ⁶,
366 3623 535 3688 LXXVII.3
645 3639 762 3692 namque
777 3625 903 3675 Auantius
1009 3630 1297 3693 quaeemeoeorr.L

147 3709 216 3816 punse
228 3708 293 3815 splen
306 3707 350 3745 me
362 3712 380 3744 a
485 3709 555 3761 quae
568 3709 632 3746 meo
644 3709 660 3746 e
672 3711 689 3745 a
790 3710 867 3746 meos
878 3694 951 3746 sinus
964 3695 1123 3749 casaubonus
1136 3699 1297 3750 Passeratius

175 3765 230 3830 giat
271 3802 279 3815 .

183 3852 225 3887 rs.
262 3833 353 3887 ttllab.

182 3923 224 3970 13.
262 3905 380 3973 quamO
451 3905 521 3958 mala
533 3903 610 3957 BLal
683 3912 788 3974 patrata
800 3906 913 3976 Scaliger
924 3909 1048 3961 Heinsius.

183 3994 223 4040 14.
261 3975 340 4030 isthic
356 3977 383 4028 A
452 3975 571 4044 bonique
583 3977 609 4030 b.

182 4063 223 4112 ¹5·
261 4045 384 4116 quidpro
396 4045 509 4115 quoda.

182 4121 222 4170 1⁶.
260 4117 367 4185 pusilla
439 4117 600 4170 semitonio
670 4116 805 4171 seminarii
818 4119 847 4170 H
927 4120 1016 4174 mechi
1030 4121 1096 4174 DGc
1202 4125 1296 4179 meia.

145 4189 204 4240 Post
215 4189 281 4241 hum
293 4207 393 4241 uersum
404 4190 515 4258 spatium
527 4191 601 4240 estin
613 4187 892 4242 ABDHLLa¹L²Vab
903 4192 968 4258 quod
977 4210 1083 4244 uacuum
1095 4192 1209 4247 relietum
1221 4181 1296 4250 estin

146 4259 217 4323 mss
235 4261 324 4312 ceteris
341 4259 417 4311 haber
431 4253 472 4304 ld
492 4254 634 4316 Eupalium
651 4259 802 4328 (Egnatum
828 4259 867 4328 B)
892 4262 955 4314 unde
975 4281 1015 4316 us.
1041 4279 1126 4326 17-20
1144 4265 1210 4318 alius
1234 4286 1295 4320 car-

144 4333 217 4382 minis
234 4349 287 4382 esse
303 4331 429 4383 arbitrati
445 4340 505 4382 sunt
523 4331 599 4400 napi.
612 4330 741 4383 Guarinus
757 4332 883 4384 Auautius
895 4331 1027 4386 Palladius
1042 4335 1158 4388 Haudius
1176 4337 1296 4406 Silligius.

143 4401 174 4453 B.
184 4402 314 4454 Guarinus
325 4403 453 4454 Auantius
467 4401 598 4454 Palladius
605 4411 665 4471 posi
672 4402 812 4454 XXXIX.
826 4419 841 4467 9
853 4421 892 4453 eos
905 4402 1024 4457 collocant
1039 4416 1065 4457 et
1073 4409 1108 4458 sic
1117 4409 1144 4459 in
1150 4409 1296 4462 editionibus

143 4472 259 4541 legum
274 4483 335 4526 aute
348 4473 514 4526 Muretinam.
552 4473 666 4524 Handius
677 4492 692 4524 e
704 4474 783 4541 Capri
795 4473 968 4528 Grammatici
985 4475 1056 4528 libris
1073 4497 1131 4546 quos
1148 4481 1295 4532 Priscianus

1248 4719 1536 5018 ..l
