3118 5054
153 383 218 441 xxvi
597 383 952 448 PROLEGOMENn

268 577 398 620 PAGINAE
416 578 491 620 11ss
509 577 644 624 emenus.
850 580 979 622 reolus!
997 581 1121 624 SVUAB
1139 580 1351 624 roselmus.

152 673 191 748 67
219 669 316 748 Ipsius
330 679 398 730 ante
411 671 503 748 pedes
800 677 838 734 68
868 675 918 734 Set
931 694 1027 753 neque
1040 685 1102 735 tum
1117 675 1217 734 mitrae

152 783 188 842 51
220 767 354 828 Heroum
368 770 442 830 mira
454 771 574 830 uirtutes
800 787 837 848 52
867 772 1003 850 Namque
1016 773 1191 832 fluentisono

152 881 190 941 35
219 866 367 926 Deseritur
381 868 486 944 Scyros
801 872 838 946 36
867 869 1090 948 Crannonisque
1105 870 1211 929 domos

155 983 190 1041 29
219 963 299 1024 Tum
314 964 446 1026 Thetidis
461 965 564 1026 Peleus
801 989 839 1028 20
867 969 947 1029 Tum
962 969 1066 1028 Thetis
1080 970 1227 1028 humanos

173 1080 191 1137 3
219 1061 362 1122 Phasidos
376 1064 414 1123 ad
428 1064 532 1124 fluctus
821 1087 838 1140 4
867 1066 945 1127 Cum
958 1067 1024 1127 lecti
1037 1068 1158 1128 iuuenes

191 1289 344 1368 Pergimus
359 1292 397 1351 ad
411 1293 501 1365 Attin,
515 1293 629 1353 adiecto
643 1293 726 1354 titulo
740 1314 765 1354 c.
780 1295 880 1354 LXIV
894 1295 944 1374 qui
958 1297 1043 1356 unius
1057 1314 1159 1356 uersus
1173 1297 1262 1356 instar
1275 1295 1372 1356 habet

267 1459 397 1501 reuma}
415 1459 490 1502 IHAB
508 1462 644 1505 mouns.
848 1465 977 1506 sacrm
998 1465 1121 1506 SVMMA!
1140 1464 1353 1506 Possumus.

152 1553 189 1610 81
219 1550 285 1628 Age
299 1552 390 1613 caede
404 1563 486 1631 terga
499 1555 594 1615 cauda
800 1561 837 1618 82
867 1558 944 1618 Face
959 1568 1064 1619 cuncta
1076 1559 1217 1634 mugienti

151 1651 190 1723 65
220 1649 294 1708 Mihi
309 1651 411 1710 ianuae
427 1651 592 1730 frequentes
799 1659 839 1716 66
867 1657 943 1716 Mihi
957 1657 1066 1716 floridis
1080 1657 1195 1716 corollis

151 1767 190 1822 49
220 1747 346 1808 Patriam
360 1751 486 1810 allocuta
499 1763 610 1812 maesta
623 1763 668 1812 est
800 1770 839 1831 50
867 1754 962 1815 Patria
976 1755 1004 1815 O
1019 1756 1077 1814 mei
1091 1755 1212 1815 creatrix

152 1865 191 1921 33
219 1847 316 1907 Veluti
330 1849 454 1909 iuuenca
467 1851 562 1911 nitens
799 1873 837 1930 34
866 1853 998 1930 Rapidae
1013 1854 1118 1913 ducem
1133 1861 1292 1931 sequuntur

154 1957 188 2018 17
217 1945 255 2004 Et
270 1965 376 2024 corpus
390 1949 519 2008 euirastis
802 1954 838 2011 28
867 1950 997 2010 Hilarate
1011 1969 1077 2010 aere
1092 1952 1185 2011 citatis

174 2061 186 2100 1
219 2043 312 2122 Super
326 2046 384 2106 alta
397 2057 498 2107 uectus
513 2047 589 2108 Attis
821 2068 837 2107 2
866 2047 1024 2126 Phrygium
1038 2059 1070 2107 ut
1083 2067 1187 2108 nemus
1201 2048 1290 2108 citato

190 2268 305 2332 Deinde
319 2270 357 2330 ad
371 2289 491 2332 carmen
508 2271 645 2350 nuptiale,
660 2273 742 2349 quod
759 2292 795 2332 ex
812 2275 943 2333 uersibus
960 2275 999 2350 76
1012 2283 1148 2335 constare
1161 2273 1297 2335 iacimus.
1336 2274 1402 2335 Ad-

150 2367 266 2428 dendus
280 2379 325 2428 est
338 2370 435 2430 titulus
450 2372 584 2430 carminis
598 2371 711 2432 LXlll.

265 2528 395 2570 rasum
415 2529 488 2570 ΜΔΕ
507 2531 643 2573 PRIORES.
845 2531 976 2574 mmuh!
995 2532 1118 2575 ΗΠΒ
1138 2533 1352 2577 Possumus·

150 2623 191 2680 62
205 2619 271 2701 (53)
299 2621 388 2682 Hanc
402 2625 472 2683 nulli
486 2625 631 2702 agricolae
798 2627 836 2699 63
853 2622 918 2705 (54)
945 2627 985 2685 At
999 2627 1023 2686 si
1037 2627 1113 2687 sorte
1126 2629 1230 2687 eadem
1244 2637 1289 2687 est

151 2721 189 2792 46
206 2717 271 2799 (37)
300 2719 380 2792 Quid
394 2731 456 2780 tum
470 2723 494 2782 si
509 2734 631 2800 carpunt
798 2736 836 2797 47
853 2721 918 2801 (38)
947 2723 1290 2802 HymenoHymenaee

219 2837 259 2894 30
300 2819 380 2891 Quid
395 2820 478 2878 datur
491 2840 509 2880 a
524 2821 598 2880 diuis
867 2840 902 2896 31
947 2821 1068 2899 Hymen
1082 2840 1101 2882 o
1115 2822 1277 2899 hymenaee

221 2935 257 2989 24
299 2916 365 2976 Nec
378 2919 484 2977 mirum
498 2920 613 2996 penitus
868 2935 903 2994 15
945 2919 1011 2980 Nos
1025 2921 1082 2981 alio
1095 2933 1211 2981 mentes

191 3135 307 3196 Deinde
325 3137 364 3198 ad
377 3135 603 3215 Epithalamium
616 3139 697 3216 quod
712 3138 787 3198 secio
804 3158 862 3212 240
875 3157 1022 3199 uersuum.
1063 3141 1228 3202 Addendus
1241 3151 1287 3200 est
1300 3141 1401 3202 titulus

150 3254 176 3295 c.
189 3234 285 3294 LXII.

266 3393 395 3435 Pronum
413 3394 487 3435 IHAE
506 3395 641 3437 PRIORES.
846 3395 977 3438 suomet
996 3395 1119 3438 sums
1138 3397 1352 3442 resultarem.

153 3505 210 3562 239
226 3484 312 3566 (227)
342 3486 466 3546 Munere
478 3488 593 3546 assidue
601 3487 748 3546 ualentem
799 3505 858 3558 240
872 3484 958 3566 (228)
986 3488 1130 3548 Exercete
1143 3491 1294 3550 iuuentam

152 3604 210 3659 223
228 3583 313 3664 (222)
341 3585 497 3661 Porrigens
509 3595 622 3644 teneras
632 3603 738 3644 manus
799 3602 856 3655 224
873 3581 958 3661 (222)
986 3584 1080 3644 Dulce
1095 3586 1186 3646 rideat
1200 3589 1239 3648 ad
1253 3599 1368 3666 patrem

153 3696 209 3757 207
227 3681 311 3763 (295)
340 3683 405 3742 lam
415 3684 508 3742 uenis.
519 3681 749 3742 BonateVenns
800 3684 857 3739 208
874 3680 960 3761 (296)
987 3683 1105 3754 iuuerit,
1121 3687 1262 3762 quoniam
1276 3689 1377 3765 palam

154 3799 208 3856 292
227 3779 311 3860 (279)
340 3781 404 3840 Vos
418 3783 515 3840 bonae
529 3781 648 3840 senibus
661 3780 730 3838 uiris
802 3797 856 3854 292
874 3776 961 3858 (180)
989 3779 1133 3858 Cognitae
1146 3785 1366 3848 beneieminae

155 3893 210 3955 275
227 3876 312 3959 (268)
340 3878 376 3937 Io
390 3877 510 3955 Hymen
524 3876 697 3952 Hymenaee
802 3878 857 3950 276
873 3874 960 3955 (269)
988 3877 1032 3936 llli
1046 3896 1107 3938 non
1121 3882 1218 3941 ninus
1232 3902 1267 3944 ac
1281 3884 1335 3946 tibi

155 3991 211 4054 159
227 3975 312 4056 (152)
341 3974 376 4035 Io
392 3975 512 4053 Hymen
526 3973 700 4050 Hymenaee
719 3974 748 4033 io
802 3975 858 4033 260
873 3971 959 4051 (253)
987 3973 1023 4034 Io
1037 3974 1158 4052 Hymen
1172 3977 1348 4054 Hymenaee

154 4095 211 4153 243
227 4072 311 4155 (236)
339 4074 494 4134 Abstinere
509 4071 561 4132 sed
575 4071 688 4130 abstine
802 4090 857 4145 244
873 4069 960 4151 (237)
986 4072 1023 4132 lo
1037 4073 1158 4150 Hymen
1173 4076 1349 4153 Hymenaee

154 4187 210 4250 227
227 4171 312 4254 (220)
340 4172 523 4232 Fescennina
536 4170 645 4229 locutio
801 4172 857 4228 228
874 4166 959 4248 (222)
988 4170 1053 4230 Nec
1067 4190 1157 4233 nuces
1171 4176 1269 4251 pueris
1283 4191 1374 4256 neget

156 4292 208 4333 111
228 4271 314 4353 (207)
343 4267 725 4348 Ocubilequodomnibus
801 4267 885 4345 rra(
946 4263 959 4346 )
1015 4269 1033 4307 2
1077 4271 1094 4307 e
1138 4273 1156 4309 e
1200 4274 1218 4312 2

172 4384 212 4448 95
226 4368 292 4450 (92)
339 4367 649 4441 Prodearnmcanupta
819 4366 857 4439 96
873 4361 939 4442 (92)
987 4365 1116 4428 Prodeas
1131 4387 1210 4430 noua
1224 4383 1316 4450 nupta
1330 4378 1355 4436 si

176 4463 661 4548 79()******
819 4459 1275 4540 80()*****
