3032 5056
506 418 731 484 CARMEN
762 419 878 484 LXIV.

248 609 396 690 Aequora
417 610 642 690 concussitque
665 609 824 670 micantia
844 607 950 670 sidera
972 606 1118 670 mundus

247 721 318 806 ipse
339 729 448 784 autem
471 741 567 785 caeca
589 731 731 784 mentem
752 721 895 804 caligine
916 721 1064 782 Tneseus

246 832 402 897 consitus
423 833 529 896 oblito
550 833 676 896 dimisit
699 841 827 916 pectore
849 841 978 915 uincta,

245 944 338 1030 Qae
361 945 515 1007 mandata
536 945 624 1029 prius
645 945 811 1006 constanti
835 951 947 1004 mente
969 941 1116 1024 tenebat,

247 1057 365 1121 Dulcia
386 1079 447 1122 nec
468 1068 595 1121 maesto
616 1057 790 1120 sustollens
811 1057 906 1137 signa
928 1055 1054 1138 parenti
1221 1083 1270 1122 uo

245 1169 405 1255 Sospitem
429 1169 640 1235 Erechtheum
661 1191 697 1234 se
718 1169 865 1233 ostendit
887 1171 993 1231 uisere
1015 1177 1153 1252 portum.

248 1282 402 1366 Namque
423 1283 532 1347 ferunt
554 1283 648 1368 oiim,
668 1283 765 1346 classi
788 1301 863 1345 cum
885 1281 1016 1343 moenia
1037 1279 1131 1344 diuae

247 1393 465 1477 Linquentem
486 1405 622 1478 gnatum
644 1396 754 1458 uentis
776 1393 979 1456 concrederet
1002 1393 1142 1474 Aegeus,
1181 1432 1184 1437 -

246 1505 347 1568 Talia
368 1506 560 1590 conplexum
584 1508 694 1569 iuueni
718 1505 873 1570 mandata
893 1503 1031 1568 dedisse.

118 1797 177 1856 Aa
203 1788 340 1852 ‘Gnate
361 1789 442 1852 mihi
467 1791 563 1873 longa
585 1789 753 1853 iucundior
775 1790 872 1852 unice
894 1791 975 1872 uio,
1222 1816 1269 1868 ης

246 1900 372 1986 Gnate,
394 1922 455 1985 ego
475 1922 571 1986 quem
593 1905 629 1966 in
651 1902 767 1965 dubios
788 1921 885 1985 cogor
906 1901 1075 1964 dimittere
1095 1917 1200 1984 mstis,

247 2013 392 2077 Reddite
414 2016 450 2077 in
472 2027 617 2078 extrema
639 2035 740 2098 nuper
761 2013 843 2077 mihi
866 2013 930 2076 fine
951 2023 1117 2096 senectae,

151 2183 175 2256 β
200 2174 475 2260 Qandoquidem
496 2175 627 2239 fortem
648 2195 722 2239 mea
742 2195 782 2239 ac
803 2185 861 2238 tua
881 2175 1007 2238 feruida
1028 2175 1131 2237 uirtus

117 2419 207 2488 Quem
219 2417 256 2471 ab
351 2424 419 2471 tunc
430 2425 460 2470 et
472 2419 501 2471 D
589 2425 657 2471 tunc
671 2417 876 2472 ABGGLa¹OV
958 2433 1030 2470 mmc
1044 2417 1097 2469 LH
1181 2423 1238 2472 tam
1250 2435 1269 2472 a

117 2490 180 2558 Qo
190 2496 261 2542 tunc
273 2493 304 2541 et
315 2489 354 2542 ed.
366 2492 458 2544 Pam.
474 2506 540 2554 1473
554 2489 628 2558 uulgo
638 2499 663 2542 et
676 2491 784 2543 Lachm.
923 2489 989 2557 Quo
1001 2495 1079 2540 motu
1091 2489 1194 2556 Hqsius
1207 2489 1271 2542 mdc

117 2571 183 2612 ortus
208 2561 312 2613 uidetur
333 2579 408 2612 error
431 2561 540 2613 codam
565 2559 714 2628 Quomodo
740 2569 816 2613 tuuc.
863 2561 989 2628 scriptum
1008 2560 1104 2626 suerat
1129 2561 1269 2628 Qom⁰tri

117 2633 180 2701 Qo
192 2639 263 2684 nutu
276 2637 306 2682 et
319 2632 371 2683 Fea
442 2632 507 2700 Qu
519 2638 588 2683 nutu
600 2631 751 2686 Schrvabius
764 2633 800 2684 H.
809 2631 844 2684 A.
857 2633 964 2683 [orbius
1060 2637 1144 2698 atque
1156 2631 1239 2683 etiam
1250 2649 1270 2686 a

117 2709 314 2754 contrumuere
327 2702 356 2754 D
425 2709 672 2755 contmemuerunt
683 2723 702 2754 a
766 2711 960 2757 contremuere
972 2701 1139 2754 Rossbacbiur
1202 2717 1270 2754 con·

117 2779 291 2826 tremuertmt
303 2783 362 2826 cett.
374 2773 449 2842 radgo
459 2784 485 2824 et
497 2774 605 2827 Lachm.

153 2847 213 2896 206.
250 2859 455 2912 concussusque
469 2847 567 2896 Vossius
581 2844 742 2912 Wabrytaeum
753 2843 793 2896 ad
802 2843 903 2896 Luem.
916 2846 939 2896 1.
952 2849 1000 2897 188
1090 2843 1270 2912 conmique

118 2914 245 2968 micantia
257 2914 349 2966 sidera
361 2914 472 2968 mundei
484 2915 634 2969 Plenum.

154 2999 214 3048 207.
251 2986 399 3038 coecamd
448 2993 570 3038 mentem
581 2986 633 3038 aed
684 2997 775 3039 ruente
791 2983 1042 3038 ABCDHGwoh
1088 2985 1188 3040 mentis
1200 2985 1271 3042 m.

153 3061 214 3111 τοῦ.
252 3057 431 3109 Conscitusd
533 3057 696 3110 Corrsdmh
796 3056 951 3110 demisithb
1047 3055 1273 3124 petronam

118 3135 200 3181 emita
213 3129 238 3181 G
311 3135 412 3180 concta
423 3123 511 3181 Blad.

154 3215 215 3264 ²⁰9·
252 3198 349 3268 Quare
361 3199 391 3251 H
458 3197 591 3250 tenebant
603 3195 667 3250 [ΔΙ.

153 3285 215 3322 aro.
253 3267 360 3321 Lucida
373 3269 535 3338 Wakqieldm
546 3269 584 3320 ad
594 3269 698 3322 Laeter.
709 3270 754 3322 17.
768 3285 818 3334 2⁰3
905 3274 1026 3321 moestos
1037 3269 1067 3321 H
1151 3267 1270 3325 substol-

119 3339 175 3393 lens
187 3341 246 3393 DV
312 3341 447 3392 sustolens
458 3341 485 3393 h.

154 3429 215 3465 211.
253 3411 389 3477 Sospitem
407 3427 437 3464 se
456 3413 485 3464 H
499 3413 589 3464 omisso
606 3426 636 3464 se
653 3421 714 3464 ante
730 3411 852 3463 ostendit
932 3409 1100 3464 Erectheum
1113 3412 1221 3477 Vossius,
1235 3411 1271 3477 d.

120 3482 184 3542 Ciris
195 3499 228 3534 aa
305 3481 457 3534 Erectheos
469 3489 564 3548 portus
575 3483 692 3534 Ηιίωὶω
762 3489 886 3534 erectum
898 3479 1028 3534 La¹la³d
1095 3493 1231 3536 enectum
1246 3483 1272 3536 Β

121 3571 241 3622 :nultum
261 3553 495 3607 ACDGHLOVha
578 3560 608 3605 et
618 3561 745 3622 erem
757 3552 787 3605 be
797 3553 837 3606 ed.
846 3554 894 3608 Pr.
906 3553 978 3606 Mur.
990 3554 1058 3605 Stat.
1070 3553 1138 3606 Scal.
1216 3553 1271 3606 uis·

121 3639 181 3675 cere
194 3625 224 3676 H
294 3623 401 3676 uiscera
412 3643 440 3676 a.

155 3711 216 3748 212.
252 3691 408 3757 fuenth
500 3693 613 3747 dasem
628 3695 678 3747 AL
768 3693 871 3747 clasic
955 3701 1046 3746 castae
1063 3696 1192 3748 Porum
1210 3705 1272 3749 teste

120 3765 207 3830 Statio,
218 3776 340 3887 wyte
352 3765 490 3830 Mummi,
503 3766 580 3818 Ber-n.
592 3767 647 3818 Pis.
658 3768 685 3818 in
696 3785 783 3834 marg.
794 3765 833 3818 ed.
846 3767 899 3818 Vu.
912 3770 975 3829 1481
991 3766 1107 3818 retusius
1119 3765 1271 3818 &barabias

121 3837 224 3888 moenia
238 3835 274 3888 bb
401 3857 526 3890 uroenu'u
542 3837 688 3890 ABCGLO
794 3835 930 3892 moe'nico
941 3833 995 3889 La¹
1103 3836 1231 3890 meonico
1242 3839 1272 3893 D

120 3907 226 3960 menico
240 3909 268 3959 V
334 3906 835 3977 moenicodiuaem.eeraam.pr.

155 3995 215 4042 2¹3.
252 3977 435 4031 concrederet
450 3979 577 4031 Arruntius
663 4001 724 4032 curu
741 3977 823 4048 (qum
835 3977 936 4048 quom)
946 3983 1070 4033 credunt
1086 3977 1213 4048 (eederet
1226 3977 1271 4050 H)

121 4049 284 4120 cadmum
355 4065 438 4115 egens
451 4049 507 4103 GO.
1355 4063 1362 4076 '

156 4137 226 4243 11411.ε
252 4119 398 4241 εῧωρῑειο
412 4120 491 4173 ADL
507 4121 572 4190 quod
586 4131 672 4173 tectio·
686 4119 901 4174 eustachium
918 4121 1001 4174 Nonio
1015 4139 1038 4174 s.
1050 4139 1075 4174 u.
1088 4119 1273 4190 Conplectite.

122 4205 182 4243 com
227 4207 265 4242 xu
297 4229 304 4244 .

156 4207 216 4326 arg.
252 4261 338 4314 Gnati
351 4261 375 4314 0
444 4261 525 4328 longe
539 4262 639 4331 Anglus
650 4263 678 4316 in
690 4263 770 4316 Dias.
783 4261 867 4316 Clau.
878 4263 917 4316 X.
930 4265 980 4330 169
994 4263 1162 4318 Froehlichim
1174 4265 1272 4318 Hem-

122 4332 218 4402 bergio
230 4332 384 4386 &huvabius
464 4333 608 4386 iucundior
618 4334 646 4386 d.

158 4407 217 4457 216.
253 4419 307 4470 ego
319 4423 369 4456 mn.
383 4405 409 4455 V
473 4419 556 4472 quem
568 4419 622 4470 ego
633 4419 668 4458 en
681 4405 711 4457 H
779 4403 896 4458 indibius
907 4406 946 4460 D.

158 4492 218 4539 217.
253 4483 380 4528 extremo
391 4495 409 4527 a
480 4483 620 4529 extremae
634 4477 761 4529 Amulius
773 4477 857 4545 uulgo.

158 4553 217 4599 218.
253 4553 283 4598 et
294 4566 322 4599 a.

694 4660 707 4702 S
