3136 5060
510 407 739 469 CARMINVM
764 407 956 469 CATVLLI.
1248 410 1309 466 285

157 591 281 669 singulis
294 595 443 665 περιωπαῖς
456 592 562 652 alterae
581 592 780 669 respondeant
801 604 830 652 et
850 593 955 652 eodem
976 592 1044 652 loco
1064 591 1178 668 positae
1199 601 1228 650 et
1247 591 1310 668 pari

157 707 284 748 numero
307 707 453 748 uersuum.
495 688 625 750 Dimidia
649 708 685 748 ex
710 689 855 748 duodenis
880 699 955 759 sunt,
975 707 1100 765 quorum
1123 689 1267 764 posterius
1292 707 1310 746 a

158 788 247 862 priori
266 795 416 864 separatur
433 787 626 846 conuersione
644 805 662 846 a
682 785 805 845 Phaselo
825 785 901 845 sacta
922 786 960 846 ad
980 787 1063 846 locos
1086 787 1136 845 ubi
1158 786 1309 863 quondam

159 883 251 942 luerat
265 884 401 942 Amastri
409 883 528 942 Fonteio
549 890 576 942 e!
596 884 696 960 Cytore
715 883 834 960 buxffer
854 887 892 958 (u.
908 887 967 958 13).
1009 884 1079 942 Post
1093 901 1121 942 u.
1135 901 1172 955 24
1193 884 1310 942 additur

158 980 282 1058 Epodos
297 983 383 1040 trium
397 999 542 1041 uersuum.

423 1151 481 1212 Sed
491 1153 556 1211 haec
565 1153 743 1230 praessum
751 1174 766 1221 ,·
788 1173 862 1211 nunc
875 1155 1012 1212 recondita

424 1250 505 1310 Sene!
516 1255 608 1327 qut'cle,
622 1270 700 1326 seque
713 1252 821 1309 dedicat
832 1251 887 1310 tibi

426 1348 542 1408 Gemella
557 1349 660 1410 Castor
673 1355 700 1408 e!
707 1351 818 1426 gemelle
833 1349 968 1409 Castorei.

158 1536 312 1615 Vtrunque
334 1537 484 1598 dimidium
507 1537 583 1598 cadit
603 1539 634 1597 in
657 1552 715 1613 543
732 1541 761 1612 (a
773 1541 843 1612 βγ).
886 1538 922 1597 ln
935 1563 952 1594 a
965 1538 1106 1598 Phaselus
1127 1539 1172 1598 bis
1195 1539 1307 1600 induci-

158 1645 204 1696 tur
219 1636 257 1695 de
277 1654 309 1695 se
328 1635 451 1712 loquens
460 1655 468 1708 ;
494 1637 525 1694 in
541 1647 564 1691 A
577 1661 594 1692 a
610 1635 691 1712 quod
708 1637 874 1695 celerrimus
892 1635 983 1708 luerit,
998 1638 1029 1693 in
1050 1647 1069 1692 Β
1089 1661 1106 1692 a
1119 1637 1200 1713 quod
1221 1648 1308 1698 antea

157 1734 267 1793 steterit
284 1734 314 1792 in
329 1733 455 1810 Cytoro:
483 1743 633 1810 praeterea
653 1733 726 1793 haec
740 1733 771 1792 in
785 1745 808 1790 A
818 1758 843 1806 a,
858 1743 905 1790 Βα
920 1733 1090 1793 communia
1098 1751 1106 1805 ς
1127 1736 1306 1809 otl(u.15);

157 1831 326 1908 superlatiui
345 1832 505 1890 celerrimus
520 1835 574 1906 (a),
593 1832 782 1907 cogm'tiset'nta
798 1835 874 1905 (14),
889 1832 1036 1908 geminata
1054 1834 1121 1903 stite,
1135 1835 1194 1890 mite
1209 1836 1249 1906 (4,
1265 1837 1307 1907 5),

157 1935 212 2000 tuo,
237 1935 284 1986 tuo
307 1931 440 2004 (16,17).
483 1929 519 1987 ln
542 1935 563 1996 β
584 1930 720 1988 transitus
742 1929 774 1988 fit
798 1948 850 2006 per
873 1929 918 1987 Et
939 1931 977 1990 ad
1005 1930 1108 1989 itinera
1135 1948 1211 2008 quae
1238 1949 1306 1990 cum

158 2026 275 2087 Catullo
292 2026 431 2087 Phaselus
452 2027 559 2086 lecerit.
602 2033 658 2092 Ββ
675 2027 758 2086 locos
778 2037 909 2087 recenset
928 2038 948 2084 Β
958 2033 979 2094 β
997 2045 1050 2104 per
1068 2037 1141 2104 quot
1158 2028 1230 2086 freta
1246 2045 1306 2104 quo

158 2123 258 2196 caelo;
281 2125 406 2202 denique
423 2137 446 2181 Α
459 2149 478 2200 y
490 2124 617 2184 natalem
635 2126 733 2184 locum
751 2124 893 2202 Cytorum
912 2134 1134 2196 commemorat,
1149 2135 1197 2200 By
1211 2124 1307 2186 Bena-

157 2239 236 2292 cum,
257 2221 391 2281 ultimum
416 2240 573 2283 secessum.
623 2222 704 2282 Vidit
726 2222 803 2282 hanc
828 2222 988 2296 συμμετρίαν
1013 2224 1134 2299 scriptor
1158 2223 1306 2300 parodiae,

157 2337 283 2396 eamque
306 2320 346 2378 ita
370 2321 495 2380 seruauit
520 2329 552 2379 ut
573 2338 628 2397 pro
653 2320 796 2380 duodenis
820 2321 952 2379 uersibus
977 2320 1112 2380 undenos
1133 2321 1165 2379 in
1185 2309 1307 2397 utraque
1407 2365 1408 2368 Β

158 2428 239 2494 parte
267 2417 431 2488 collocaret,
460 2427 556 2494 partes
584 2436 646 2477 non
673 2428 705 2477 ut
733 2417 864 2478 Catullus
892 2418 1049 2495 aequaliter
1076 2418 1226 2490 diffideret,
1254 2418 1307 2478 sed

158 2516 285 2591 priorem
299 2534 351 2593 per
366 2532 434 2590 524,
448 2517 567 2576 alteram
582 2534 635 2593 per
650 2529 719 2591 533.
761 2515 890 2576 Carmen
904 2516 1049 2593 integrum
1064 2517 1184 2576 subicio.

309 2722 332 2768 Α
345 2737 362 2768 a
403 2711 529 2772 Sabinus
542 2712 588 2773 ille
603 2730 691 2789 quem
706 2712 819 2784 uidetis,
832 2713 972 2790 hospites,

403 2809 453 2869 Ait
468 2809 556 2869 luisse
570 2810 660 2869 mulio
673 2811 840 2870 celerrimus

403 2905 508 2984 Neque
522 2907 607 2967 ullius
622 2909 748 2967 natantis
762 2909 905 2984 impetum
918 2908 973 2967 cisi

403 3004 548 3080 Nequisse
563 3006 725 3081 praeterire,
741 3007 802 3066 siue
818 3005 973 3065 Mantuam

403 3101 488 3179 Opus
502 3103 577 3164 foret
590 3105 690 3164 uolare
705 3106 766 3164 siue
780 3101 918 3164 Brixiam.

342 3247 364 3310 ti
403 3243 509 3320 Neque
524 3245 582 3304 hoc
595 3256 685 3322 negat
698 3244 868 3323 Tryphonis
881 3244 987 3304 aemuli
1002 3243 1123 3304 domum

402 3337 520 3417 Negare
534 3340 673 3411 nobilem,
687 3341 850 3400 insulamue
864 3339 988 3410 Caeruli,

345 3503 365 3554 y
404 3479 463 3538 Vbi
477 3481 531 3542 iste
546 3491 613 3557 post
629 3480 762 3551 Sabinus,
777 3490 844 3538 ante
859 3479 999 3552 Quinctio

408 3576 532 3637 Bidente
547 3577 616 3636 dicit
630 3587 776 3636 attotonse
790 3575 900 3653 forcipe

403 3674 529 3734 Comata
543 3673 627 3744 colla,
642 3692 739 3751 nequa
753 3673 904 3733 sordidum
919 3673 988 3750 iugo

403 3771 557 3832 Premente
572 3773 644 3831 dura
656 3773 762 3830 uolnus
777 3770 875 3830 ederet
889 3771 964 3830 iuba

313 3950 332 3995 Β
347 3964 363 3996 α
404 3937 553 3998 Cremona
567 3937 671 4014 frigida
685 3949 713 3996 et
727 3936 823 3996 lutosa
837 3935 934 3995 Gallia

402 4037 472 4097 Tibi
486 4037 559 4096 haec
574 4035 663 4095 luisse
678 4045 706 4094 et
720 4053 785 4094 esse
800 4034 1003 4110 cognitissima

402 4135 452 4195 Ait
468 4134 610 4193 Sabinus:
631 4133 733 4193 ultima
747 4151 784 4192 ex
798 4134 911 4209 origine

403 4234 471 4292 Tua
486 4233 598 4293 stetisse
612 4231 680 4292 dicit
694 4232 724 4290 in
738 4232 878 4308 uoragine

403 4333 471 4392 Tua
484 4333 514 4390 in
529 4331 634 4408 palude
648 4330 800 4407 deposisse
814 4329 941 4389 sarcinas
949 4347 958 4400 ;

340 4479 361 4539 β
401 4471 439 4533 Et
454 4473 522 4532 inde
537 4483 581 4532 tot
594 4489 646 4548 per
660 4471 789 4531 orbitosa
803 4469 882 4528 milia
