3136 5060
513 384 742 445 CARMINVM
771 384 962 446 CATVLLI.
1255 389 1313 446 295

162 563 242 621 enirn
264 583 365 625 uersus
386 567 417 624 in
433 585 511 643 3322
532 567 693 640 discedunt,
709 587 834 644 quorum
854 582 1042 626 numeromm
1063 577 1130 644 post
1152 567 1314 628 secundum

162 671 192 720 et
207 673 342 738 quartum
356 667 563 726 tantummodo
578 667 665 744 plena
678 667 711 724 fit
724 667 879 726 distinctio.
917 666 952 725 Id
965 666 1054 725 obicit
1067 667 1140 725 mihi
1154 665 1314 742 Coningto,

162 770 303 837 tanquam
331 763 435 822 iniuria
462 763 579 835 sutrim,
608 783 676 824 cum
703 783 761 842 ego
789 775 858 842 post
885 783 921 840 13
949 765 1158 843 interrumpam
1185 783 1314 838 carmen,

163 855 295 918 Catullus
314 879 376 920 non
395 871 464 921 aute
482 863 612 922 medium
634 880 669 934 14
687 862 817 923 Consedit
833 863 902 920 irle'e.
945 861 1004 921 Sed
1023 879 1084 920 non
1103 863 1134 921 in
1153 865 1314 923 sententiae

163 965 277 1015 tanturn
299 959 358 1017 line
379 958 510 1020 Catullus
530 960 646 1034 incidit;
672 962 754 1020 cuius
777 961 802 1020 si
826 961 857 1019 in
880 959 1037 1020 incidendo
1058 961 1201 1020 rationem
1226 961 1315 1021 habet

163 1063 276 1113 tantum
301 1057 332 1114 in
357 1057 437 1116 exitu
457 1076 604 1118 uersuum.
657 1056 694 1117 Id
714 1076 782 1118 cum
803 1057 870 1117 alibi
893 1058 996 1130 elucet,
1016 1067 1078 1116 tum
1103 1059 1257 1136 praecipue
1283 1059 1314 1118 in

163 1151 200 1210 X
217 1155 264 1224 16,
282 1157 329 1226 26,
347 1171 392 1230 23.
434 1157 523 1216 Aliud
542 1167 586 1216 est
605 1158 684 1216 enim
703 1158 875 1217 sententiam
894 1156 1038 1230 claudere,
1058 1158 1136 1218 aliud
1156 1163 1314 1234 πφιιωπὴνι

163 1249 221 1309 hoc
250 1255 335 1311 metri
362 1263 415 1325 est,
442 1255 512 1314 illud
540 1256 755 1331 grammaticae.
811 1255 990 1332 Quanquam
1022 1275 1083 1316 non
1114 1275 1192 1333 nego
1223 1257 1315 1316 rarius

165 1348 312 1410 Catullum
333 1353 390 1412 nisi
409 1353 441 1412 in
462 1353 519 1412 fine
540 1373 642 1414 uersus
663 1355 835 1414 sententiam
855 1355 1005 1414 claudere:
1027 1355 1117 1414 rarius
1136 1356 1222 1432 igitur
1242 1379 1314 1428 περι·
1340 1434 1342 1440 Ι

165 1453 246 1518 κοπῆς
264 1450 353 1510 finem
373 1470 392 1510 a
410 1452 468 1511 fine
490 1451 654 1529 disiungere
677 1453 845 1512 sententiae.
894 1453 930 1512 In
952 1452 1110 1512 XXXVII.
1129 1457 1165 1512 18
1187 1465 1315 1513 nonest

165 1547 246 1622 qnod
272 1549 395 1608 multum
422 1549 561 1624 haereas;
593 1551 721 1629 sequitur
744 1552 823 1610 enim
847 1552 999 1610 uocatiuus
1024 1549 1143 1627 Egnati,
1168 1552 1218 1628 qui
1246 1569 1314 1611 curn

165 1645 320 1721 emphasin
345 1649 492 1724 quandam
521 1667 590 1726 prae
619 1668 651 1708 se
679 1649 760 1720 serat,
784 1649 815 1707 in
842 1649 924 1708 initio
948 1667 1044 1708 nouae
1071 1653 1210 1725 περικοπῆς
1237 1660 1314 1709 recte

166 1744 279 1818 positus
293 1755 346 1803 est.
388 1744 453 1804 Iam
468 1748 590 1820 σχήματα
604 1748 765 1806 carminum
780 1756 848 1806 sunt

474 1885 607 1944 XXXVI
638 1898 754 1962 Aa332
852 1897 976 1962 132323.

472 1991 755 2068 xxxv11r2332
853 2003 977 2068 1333aa.

207 2155 242 2215 C.
258 2155 345 2215 XLII
367 2157 522 2218 Richterus
544 2159 686 2219 Frankius
706 2158 902 2236 Westphalius
927 2178 981 2235 pro
1004 2177 1036 2219 se
1060 2159 1183 2236 quisque
1209 2158 1315 2218 diuise-

167 2264 241 2314 runt.
283 2255 323 2313 Et
336 2255 480 2317 Frankius
501 2257 620 2333 quidem
640 2259 823 2334 prooemium
844 2257 875 2315 in
897 2275 934 2316 eo
955 2257 1093 2316 discernit
1111 2267 1141 2316 et
1159 2267 1216 2318 tres
1231 2258 1314 2334 quasi

166 2363 249 2411 actus
263 2370 389 2430 quorum
403 2355 543 2433 cuiusque
557 2356 646 2414 linem
659 2355 843 2416 intercalares
856 2373 960 2414 uersus
977 2374 1022 2422 11,
1037 2372 1083 2431 19,
1097 2374 1133 2426 24
1148 2354 1278 2414 indicant

576 2501 614 2559 aa
633 2479 638 2564 Ι
659 2501 891 2559 ¹33323331a

167 2613 203 2672 In
224 2632 286 2690 quo
307 2633 325 2674 a
345 2632 416 2674 uero
437 2615 508 2674 mihi
528 2615 642 2674 uidetur
662 2615 817 2675 abhorrere
838 2613 919 2691 quod
941 2615 959 2672 6
980 2613 1190 2690 persequemur
1211 2633 1269 2673 eom
1292 2621 1319 2672 el

166 2711 352 2788 restagilemus
373 2730 441 2792 curn
461 2713 607 2789 prioribus
627 2731 688 2772 non
709 2713 869 2790 conlungit,
884 2711 977 2788 iungit
995 2730 1063 2771 curn
1083 2729 1121 2771 eo
1141 2713 1190 2788 qui
1210 2712 1315 2772 melius

167 2827 276 2868 nouam
290 2811 576 2887 περιποπὴνίηοίρίῑγ
596 2809 877 2886 Quaesilquoeriles.
906 2808 1063 2886 illaquam
1079 2811 1185 2868 ur'eieles.
1214 2809 1314 2882 Quare

167 2906 297 2966 Richteri
319 2906 548 2984 Westphaliique
574 2907 707 2984 praefero
730 2907 899 2983 opinionem
924 2917 1019 2967 toturn
1044 2926 1162 2967 cumen
1186 2908 1217 2966 in
1242 2909 1315 2968 duas

166 3015 264 3082 partes
274 3005 368 3076 '1-12,
387 3024 483 3078 12-24
498 3007 697 3076 diuidendum,
712 3006 831 3066 alteram
850 3005 979 3065 clausam
998 3023 1083 3064 uersu
1100 3003 1202 3075 Redde,
1214 3007 1316 3080 poleda

165 3104 286 3175 moecho,
308 3105 450 3175 codicillos,
472 3104 591 3164 alteram
613 3105 655 3164 sio
675 3104 787 3162 Pude'co
812 3111 838 3161 el
853 3103 945 3179 prober
970 3102 1050 3160 redde
1073 3103 1214 3161 codicillos.
1256 3103 1315 3162 Sed

166 3219 228 3261 non
253 3201 396 3261 assentior
416 3201 556 3262 Richtero
579 3201 633 3261 has
655 3221 754 3262 rursus
778 3203 819 3262 sic
842 3201 1017 3260 describenti
1040 3211 1062 3256 Α
1080 3219 1158 3275 2343
1189 3211 1313 3275 32343.

167 3299 203 3359 ld
221 3301 300 3358 enlm
320 3301 381 3360 iure
399 3299 467 3360 fecit
486 3301 516 3359 in
530 3311 561 3372 Α,
575 3319 638 3359 non
656 3301 725 3359 item
744 3301 774 3358 ln
789 3311 817 3372 Β,
833 3318 900 3359 cum
916 3299 957 3359 sic
971 3297 1066 3357 Redde
1078 3298 1182 3373 pundo
1203 3299 1315 3357 moecho

166 3399 300 3456 codicellos
323 3399 388 3471 (2ο)
414 3416 476 3456 non
505 3397 621 3458 claudat
644 3401 784 3472 περικοπὴν
809 3397 862 3456 sed
889 3407 1061 3472 sequentem
1089 3394 1195 3454 habeat
1222 3414 1314 3454 unum

166 3514 284 3555 uersum
298 3515 316 3554 a
330 3514 390 3573 quo
404 3513 484 3554 noua
497 3494 651 3554 manifeste
664 3495 765 3571 incipit
779 3493 838 3554 Sed
853 3495 898 3552 ml
905 3493 1079 3569 proicimus,
1094 3493 1170 3552 nelli
1184 3499 1314 3553 mouetur.

166 3594 270 3671 ltaque
291 3612 358 3653 cum
372 3593 553 3670 Westphalio
573 3594 671 3671 potius
692 3595 722 3651 in
741 3603 863 3670 utraque
882 3602 962 3668 parte
982 3591 1056 3651 duas
1075 3591 1210 3669 strophas
1228 3591 1314 3666 facio,

166 3691 219 3750 sed
233 3691 331 3764 aliter;
353 3710 421 3750 cum
440 3693 519 3750 enim
539 3693 686 3765 ἐπίφθεγμα
706 3690 775 3750 illud
795 3690 876 3748 redde
893 3689 1029 3748 codicillos
1047 3689 1078 3748 ln
1097 3690 1154 3748 fine
1176 3689 1314 3766 strophae

166 3808 282 3865 semper
296 3790 430 3866 requirat,
444 3807 492 3848 uu.
507 3789 553 3861 16,
569 3801 638 3862 17a
659 3788 726 3848 loco
750 3805 805 3847 suo
828 3795 926 3846 motos
952 3787 1049 3863 posuit
1073 3796 1142 3863 post
1165 3806 1211 3858 21,
1235 3786 1317 3858 Quod

167 3890 233 3960 (16)
249 3889 279 3945 in
297 3885 357 3958 Quo
370 3887 500 3946 mutauit.
543 3885 634 3958 Quod
652 3884 719 3945 lecit
737 3885 784 3944 ille
804 3884 922 3962 quidem
943 3885 1103 3956 συμμέτρως,
1118 3884 1171 3943 sed
1189 3895 1229 3942 ut
1242 3885 1314 3944 mihi

165 3986 280 4044 uidetur
298 4003 359 4043 non
378 3985 473 4062 magis
492 3984 658 4043 necessario
672 4001 762 4060 quam
781 3982 805 4041 si
825 3981 961 4041 carminis
976 3980 1080 4040 XXIX
1094 3999 1212 4040 uersum
1233 3981 1313 4047 illurn

165 4085 216 4160 qui
237 4084 282 4143 bis
303 4082 405 4159 legitur
421 4085 462 4157 (5,
478 4084 509 4158 9)
528 4082 567 4141 ad
584 4101 620 4140 10
640 4081 872 4158 transposuisset,
894 4090 927 4138 ut
948 4078 1085 4155 strophae
1106 4080 1312 4141 concinniorcs

166 4183 354 4240 efficerentur.
397 4179 442 4240 cf.
468 4199 542 4257 quae
567 4179 626 4239 dixi
650 4179 687 4239 de
712 4179 807 4237 LXII.
824 4179 899 4251 (66).
942 4177 1044 4254 Itaque
1068 4187 1184 4236 seruato
1208 4179 1316 4240 ordino

165 4297 254 4357 quem
274 4289 374 4338 tenent
392 4279 518 4348 codices,
534 4277 670 4336 carminis
690 4280 780 4350 σχῆμα
799 4275 857 4334 hoc
876 4273 953 4333 facio

512 4419 593 4480 Α24
618 4427 654 4479 42
780 4417 859 4477 Β24
886 4425 929 4476 24.
