3074 5066
254 405 315 462 230
652 401 709 460 DE
733 399 997 461 PARTlTlONE

250 589 322 646 sue
342 589 418 648 ιοοο
440 569 471 646 s'e
494 587 661 648 ιιοοοοοοι
686 589 842 646 nota-ab
864 587 976 662 origine
999 587 1214 662 κριηοοοοοο.
1266 583 1398 656 Ques

251 683 479 762 Hephaestionis
506 697 638 762 tempore
666 686 725 744 iam
753 685 928 756 exciderant,
954 695 1088 760 poterant
1111 685 1198 742 etiam
1223 683 1254 740 in
1276 683 1400 740 aliomm

250 783 428 842 carminibus
449 783 592 852 excidere,
608 784 777 860 praesertim
796 784 893 842 minus
914 783 991 842 notis
1011 793 1039 840 et
1060 799 1135 857 quae
1156 780 1265 839 nullam
1288 790 1400 838 tantam
1479 827 1481 833 ,

249 881 415 940 criticorum
438 880 618 957 diligentiam
643 891 763 957 experta
783 881 998 957 exemplaribus
1018 881 1116 938 minus
1143 879 1263 938 sinceris
1285 877 1401 953 prodita

249 989 358 1036 essent.

291 1074 351 1134 Sed
375 1085 511 1151 poterant
538 1075 603 1134 solo
631 1075 791 1146 interuallo,
820 1093 882 1134 non
909 1085 981 1134 nota
1008 1075 1143 1152 separari.
1199 1071 1271 1131 Non
1300 1071 1399 1140 credo,

248 1172 351 1230 saltem
365 1190 385 1231 a
397 1169 533 1244 criticis¹;
556 1173 607 1232 sed
629 1183 693 1232 esto
706 1183 738 1232 ut
755 1173 820 1232 solo
840 1173 991 1232 interuallo
1012 1173 1173 1232 disiunctae
1193 1171 1318 1240 iuerint;
1346 1169 1399 1228 ba-

248 1271 353 1328 bemus
377 1270 455 1328 aliud
476 1281 680 1346 argumentum
701 1289 761 1347 quo
782 1271 981 1330 defendamur.
1023 1269 1103 1328 Nam
1123 1269 1147 1328 si
1169 1279 1256 1328 notae
1280 1268 1397 1326 excide·

247 1378 324 1438 runt,
352 1367 445 1426 multo
472 1370 567 1444 magis
596 1369 767 1440 intemalla;
803 1387 880 1445 quae
913 1387 968 1428 nec
996 1368 1098 1428 ocrrlos
1125 1377 1272 1426 moratura
1299 1377 1398 1424 essent

249 1465 393 1524 incuriose
413 1466 582 1542 legentium,
601 1478 631 1526 et
651 1469 675 1526 si
696 1467 871 1526 dictarentur
890 1485 1000 1536 uersus,
1014 1483 1099 1525 aures
1119 1465 1306 1524 scribentium
1328 1463 1397 1522 iaci·

248 1565 303 1624 lius
317 1565 454 1624 fallerent
497 1565 583 1624 Vtut
601 1585 632 1625 se
653 1584 699 1625 res
720 1565 809 1626 habet
826 1566 884 1624 boc
905 1583 997 1624 unum
1007 1565 1174 1641 exemplum
1188 1563 1226 1621 ad
1244 1563 1275 1621 id
1293 1563 1397 1622 sufficit

248 1663 329 1738 quod
351 1673 515 1722 tractamus.
569 1662 776 1722 Nobilissimae
800 1665 933 1722 omnium
953 1664 1083 1739 poetriae
1105 1661 1291 1738 stropharum
1314 1661 1397 1736 signa

248 1759 307 1818 iam
325 1759 553 1836 Hephaestionis
572 1760 690 1819 saeculo
707 1762 761 1819 nisi
781 1779 817 1820 ex
840 1761 1049 1837 antiquioribus
1070 1759 1211 1835 exemplis
1232 1760 1394 1834 perierant,

248 1875 300 1916 cur
314 1875 375 1916 non
389 1857 467 1916 idem
481 1858 512 1916 in
527 1857 641 1916 Catullo
656 1857 809 1918 credamus
823 1860 964 1928 euenisse,
974 1858 1012 1916 dc
1026 1875 1086 1933 quo
1100 1875 1155 1916 nec
1169 1856 1259 1915 multa
1273 1856 1396 1914 dixerint

247 1957 437 2029 grammatici,
457 1965 486 2014 et
507 1957 557 2032 qui
575 1957 679 2014 unicus
700 1957 762 2015 eius
781 1957 944 2015 carminum
965 1956 1036 2015 liber
1056 1966 1142 2024 extat,
1164 1955 1212 2014 hic
1231 1955 1271 2013 ad
1291 1973 1349 2014 nos
1367 1965 1396 2013 et

247 2071 369 2112 mancus
393 2064 422 2112 et
446 2053 576 2130 plurimis
598 2054 670 2112 locis
693 2055 869 2130 deprauatus
891 2055 1063 2130 peruenerit
1110 2053 1156 2111 Ex
1180 2054 1236 2112 elio
1258 2054 1327 2112 loco
1347 2053 1394 2114 ubi

246 2150 285 2209 de
299 2151 448 2210 Alcmanis
469 2151 595 2228 strophis
615 2153 746 2210 temariis
768 2153 837 2212 dicit
852 2151 1044 2229 Hephaestio,
1062 2151 1132 2210 nihil
1153 2151 1316 2227 colligitur;
1346 2151 1395 2210 sed

248 2265 287 2307 ne
306 2248 354 2307 bic
373 2249 493 2326 quidem
515 2247 641 2308 defuisse
662 2250 751 2308 credo
773 2251 858 2326 signa
878 2250 1066 2320 diuisionum,
1081 2267 1150 2308 cum
1170 2267 1229 2325 qua
1250 2267 1322 2308 cura
1343 2249 1395 2308 alia

247 2343 333 2404 huius
353 2347 482 2404 carmina
502 2346 637 2406 distincta
656 2347 799 2417 dicuntur,
814 2347 917 2406 eadem
938 2349 1024 2406 etiam
1039 2347 1069 2405 in
1083 2345 1128 2404 his
1142 2348 1298 2423 prouenire
1312 2357 1393 2422 potu·

245 2444 307 2501 erit.
352 2441 411 2500 Sed
425 2459 487 2500 non
502 2461 580 2518 nego
595 2443 652 2504 hoc
671 2446 768 2504 minus
782 2446 812 2503 in
826 2463 861 2503 ea
875 2445 979 2504 cadere
993 2461 1069 2520 quae
1083 2443 1120 2502 dc
1133 2444 1237 2502 ionicis
1251 2463 1270 2502 a
1285 2445 1394 2502 minore

244 2539 323 2598 idem
345 2539 468 2614 scripsit.
512 2539 571 2610 Qui
591 2541 616 2598 si
635 2541 694 2598 ullo
714 2542 800 2617 signo
820 2541 1072 2616 distinguebantur
1092 2542 1122 2598 in
1141 2540 1234 2599 denas
1254 2541 1393 2617 syzygias,

246 2653 284 2692 ne
298 2637 403 2706 ἄπειρος
417 2636 536 2710 quidem
551 2637 711 2698 dubitasset
726 2642 790 2695 card
803 2643 900 2712 exduce
913 2649 1010 2698 essent
1024 2657 1063 2698 an
1077 2640 1107 2712 ἒξ
1120 2641 1223 2710 ὁμοίαν.

287 2729 361 2787 lllud
376 2732 463 2789 etiam
478 2734 637 2793 tenendum
651 2747 704 2806 est,
719 2749 823 2812 poetas
840 2739 920 2813 ipsos
939 2737 1068 2796 carmina
1081 2753 1297 2812 nonnunquam
1311 2747 1394 2814 potu·

243 2827 301 2884 isse
322 2828 409 2886 certis
430 2831 560 2890 terminis
580 2833 826 2900 circumscribere,
851 2852 947 2910 neque
974 2853 1011 2893 ea
1034 2845 1133 2893 tamen
1158 2845 1262 2892 notare
1288 2835 1392 2910 signis;

244 2925 294 2998 qui
318 2926 432 2982 termini
455 2927 479 2984 si
503 2929 688 2990 obscuriores
713 2943 818 3002 essent,
842 2933 964 2992 curiosis
990 2931 1195 2991 tantummodo
1223 2931 1395 2990 manilestos

244 3019 325 3092 iore;
347 3039 384 3078 ex
398 3021 443 3082 his
458 3034 555 3084 autem
570 3037 682 3102 partem
697 3047 758 3087 non
775 3047 897 3090 ausuros
912 3030 1000 3090 luisse
1015 3031 1173 3105 quicquam
1187 3028 1225 3087 de
1239 3047 1272 3087 re
1286 3029 1395 3088 incerta

243 3117 411 3192 praedicare
426 3139 463 3179 ne
477 3121 638 3184 riderentur
651 3137 791 3203 tanquam
805 3127 1041 3204 perspicaciores,
1055 3127 1207 3186 nonnullis
1221 3137 1394 3185 euenturum

243 3231 308 3273 esse
321 3225 355 3274 ut
368 3235 435 3276 curn
455 3237 557 3280 uerum
577 3222 633 3280 aiio
652 3223 719 3283 loco
736 3224 887 3296 uidissent,
901 3225 959 3283 alio
973 3233 1022 3283 aut
1036 3233 1165 3282 errarent
1180 3235 1230 3282 aut
1245 3224 1394 3299 discrepa-

242 3322 308 3371 rent
327 3316 438 3386 ceteris,
454 3317 524 3376 nihil
538 3321 662 3378 omnino
676 3333 844 3397 putarentur
865 3322 1005 3382 effecisse.
1050 3321 1119 3380 Hoc
1133 3333 1278 3398 quantum
1292 3322 1395 3392 ualeat,

243 3409 348 3470 melius
369 3411 512 3488 intelliges
533 3417 556 3474 si
578 3419 719 3492 reputaris
739 3429 812 3494 quot
832 3437 870 3478 ex
891 3421 1018 3479 metricis
1032 3437 1121 3496 quam
1136 3420 1222 3496 pauci
1240 3420 1394 3495 supersint.

243 3505 323 3566 Nam
344 3510 368 3568 si
389 3511 531 3570 nonnulla
548 3512 584 3571 de
605 3513 660 3574 hac
682 3535 713 3574 re
733 3533 823 3592 quam
844 3517 958 3592 agimus
979 3518 1010 3576 in
1030 3528 1091 3576 tarn
1111 3517 1194 3576 breui
1207 3516 1395 3576 Encheiridio

242 3603 329 3662 tradit
344 3603 534 3682 Hephaestio,
549 3609 632 3684 plura
645 3610 675 3668 in
689 3613 780 3670 tribus
797 3612 877 3671 libris
898 3613 977 3673 unde
997 3613 1055 3673 hoc
1077 3615 1231 3684 contraxit,
1246 3613 1396 3690 aliquanto

241 3698 324 3774 plura
335 3701 364 3758 in
378 3702 523 3774 undecim,
535 3705 626 3764 multo
641 3717 738 3766 autem
753 3709 835 3784 plura
849 3711 879 3768 in
893 3711 1084 3788 quadraginta
1097 3723 1166 3771 octo
1177 3729 1253 3789 quos
1267 3713 1396 3788 primum

241 3797 357 3873 scripsit
370 3799 498 3859 dicturus
512 3811 580 3860 erat.
623 3801 737 3880 Ecquid
758 3805 835 3865 aliud
855 3807 980 3866 iaciebat
993 3811 1023 3867 in
1041 3809 1116 3868 libro
1136 3813 1197 3880 περὶ
1214 3817 1267 3866 τῶν
1281 3814 1309 3866 ἐν
1322 3811 1396 3880 ποιή-

240 3913 307 3963 pana
321 3902 449 3968 ταραχῶν,
464 3898 519 3956 nisi
535 3908 568 3956 ut
586 3909 683 3974 partes
705 3903 778 3961 inter
799 3921 832 3962 se
853 3905 991 3964 confusas
1013 3917 1177 3964 secerneret
1194 3908 1299 3966 iterum
1318 3917 1348 3966 et
1367 3907 1396 3964 in

241 3987 396 4063 pristinum
410 3994 543 4052 ordinem
558 3995 730 4057 reduceret?
771 3999 842 4060 Illae
853 4011 950 4060 autem
965 4003 1145 4062 turbationes
1159 4004 1239 4062 unde
1250 4005 1397 4079 originem

240 4084 336 4158 potius
350 4099 433 4146 erant
454 4090 600 4163 ducturae,
615 4111 704 4169 quam
718 4114 754 4153 ex
776 4098 892 4156 omissis
913 4099 1058 4158 interdurn
1079 4101 1127 4160 uel
1141 4101 1232 4160 erasis
1246 4103 1336 4172 notis,
1352 4103 1395 4162 in-

239 4177 354 4236 terdum
368 4199 385 4239 a
400 4201 455 4243 suo
476 4186 544 4246 loco
564 4190 594 4246 in
616 4190 703 4249 alium
722 4193 849 4253 tralatis?
892 4195 1009 4266 Quotus
1023 4198 1148 4274 quisque
1162 4200 1243 4256 enim
1264 4211 1328 4258 erat
1351 4201 1396 4260 cui

239 4289 302 4330 ιιοιι
323 4272 534 4342 dubitationem
553 4298 673 4362 possent
694 4289 796 4348 afferre
818 4295 948 4352 cannino
968 4299 1032 4350 κατὰ
1052 4298 1194 4367 reprecans
1214 4297 1395 4372 ἀνομοιομερῆ,

271 4391 289 4520 ¹¹
298 4393 358 4523 niet:
368 4397 543 4459 Alexandrinos,
555 4406 593 4452 red
605 4419 651 4466 quo
668 4417 773 4470 tempore
787 4411 894 4472 strophae
908 4415 977 4478 signis
989 4415 1049 4462 inter
1060 4430 1084 4462 se
1096 4416 1195 4479 disiungi
1206 4419 1336 4479 coeperint,
1349 4432 1395 4466 non

237 4487 282 4536 exp
291 4489 331 4522 ora
359 4491 383 4523 m
395 4487 436 4526 est.
