3118 5054
207 393 292 451 xvaii
647 389 1005 452 PROLEGOMENA.

323 585 453 626 vaurtins
473 583 546 626 matt
566 585 699 627 catenas.
903 583 1031 626 Pactus!
1052 583 1173 624 svmu
1193 581 1403 625 postmontis.

358 697 393 738 ar
423 676 477 738 Est
489 679 649 738 uehemens
663 679 738 737 dea'
1069 677 1118 735 Ad
1132 676 1269 735 Lesbiam

207 776 258 836 LI.
359 791 395 852 15
425 775 526 838 Otium
540 787 568 836 et
582 795 666 854 reges
680 778 759 854 prius
854 775 905 834 LI.
1005 779 1042 834 16
1071 774 1200 834 Perdidit
1213 775 1300 833 urbes

207 873 287 934 LIV.
377 892 394 948 3
424 873 534 934 Subtile
547 886 576 935 et
590 875 653 936 leue
663 875 794 953 peditum
854 875 934 934 LIV.
1023 895 1040 948 4
1092 875 1108 912 *
1153 874 1170 910 *
1213 874 1231 910 *
1275 874 1292 910 *

247 1105 383 1168 Vidimus
397 1109 522 1186 paginae
536 1109 668 1168 ultimum
682 1127 799 1169 uersum
813 1108 901 1170 fuisse
915 1109 977 1168 LV.
993 1125 1011 1184 5
1029 1107 1067 1167 Te
1080 1112 1110 1169 in
1123 1109 1217 1186 impla
1230 1111 1338 1168 summi
1372 1107 1455 1167 Inter

207 1204 284 1266 hunc
298 1223 415 1266 uersum
429 1217 458 1266 et
473 1208 551 1267 LIV.
568 1226 585 1283 3
600 1225 661 1285 quo
680 1209 736 1268 alia
754 1209 862 1286 pagina
881 1208 960 1267 finita
979 1217 1031 1280 est,
1046 1226 1147 1270 uersus
1166 1217 1233 1268 sunt
1249 1217 1317 1267 octo
1331 1217 1360 1266 et
1376 1224 1455 1266 unus

207 1305 305 1366 titulus
326 1307 460 1366 carminis
475 1306 538 1365 LV.
581 1307 640 1367 His¹
659 1309 683 1367 si
702 1307 765 1367 LV.
781 1323 798 1383 5
820 1309 869 1386 qui
889 1315 990 1367 'sextus
1010 1307 1140 1368 decimus
1161 1317 1206 1368 est
1225 1307 1351 1384 paginae
1371 1305 1455 1365 addi·

207 1403 292 1474 deris,
317 1405 419 1464 decern
443 1405 611 1465 efficiuntur.
664 1407 754 1483 Atqui
778 1407 906 1466 sedecim
929 1406 1107 1483 requirimus.
1159 1406 1217 1465 Sex
1243 1407 1328 1482 igitur
1350 1421 1455 1463 uersus

207 1502 352 1578 perierunt
367 1502 502 1562 carminis
516 1502 595 1563 LIV.
639 1503 724 1578 Quae
738 1505 763 1564 si
777 1505 893 1582 probari
906 1523 994 1582 posse
1007 1505 1140 1564 uidentur
1155 1523 1173 1564 a
1187 1503 1328 1564 XXXIV.
1344 1522 1361 1578 3
1376 1513 1456 1564 retro

207 1599 419 1660 numerandum
433 1602 528 1661 estad
541 1603 645 1680 priora.

322 1777 452 1818 caemar.
471 1777 545 1819 matt
565 1779 699 1821 parom.
906 1779 1034 1820 PAGINAS
1053 1777 1176 1820 sturtntt
1195 1779 1405 1822 postmontes.

208 1867 381 1930 XXXIVa
411 1870 526 1930 Puellae
541 1883 569 1932 et
583 1874 666 1950 pueri
679 1874 782 1950 integri
854 1869 1028 1947 XXXIV.3
1058 1871 1183 1930 Dianam
1199 1873 1280 1948 pueri
1294 1873 1398 1948 integri

208 1966 337 2030 XXXII.
366 1983 381 2044 7
412 1969 471 2030 Sed
485 1970 566 2029 domi
580 1989 700 2030 maneas
855 1969 982 2028 XXXII.
1011 1973 1029 2027 8
1059 1969 1177 2029 Nouem
1191 1969 1345 2029 continuas

208 2065 319 2126 XXXI.
363 2069 380 2125 ⁶
409 2066 542 2144 Liquisse
557 2087 679 2146 campos
855 2068 967 2127 XXXI.
1011 2083 1026 2142 7
1057 2067 1170 2145 Oquid
1185 2067 1286 2127 solutis
1300 2077 1345 2126 est

412 2165 428 2202 *¹
472 2167 489 2198 *
532 2166 549 2203 *
593 2166 609 2202 *
652 2167 669 2204 *
853 2167 950 2225 ΧΧΧ.
966 2171 984 2226 6
1000 2165 1044 2246 (4)
1059 2166 1123 2226 Nec
1138 2166 1214 2226 iacta
1228 2168 1317 2244 impia

248 2397 326 2456 Ante
347 2397 442 2460 XXX.
459 2419 476 2472 4
498 2398 602 2459 lacuna
622 2409 674 2460 est.
714 2399 795 2459 Nam
820 2410 886 2460 ante
910 2419 1027 2461 uersum
1048 2422 1066 2475 4
1088 2399 1149 2460 Nec
1159 2403 1247 2480 stacta
1267 2403 1352 2477 rinpia
1373 2419 1458 2478 prae-

207 2497 329 2557 cessisse
346 2517 393 2556 nec
408 2497 456 2558 uel
473 2517 526 2557 non
540 2499 668 2572 uidetur3
691 2519 809 2560 carmen
828 2511 925 2560 autem
944 2519 1012 2561 cum
1031 2504 1093 2558 eard
1111 2502 1159 2558 δύο
1178 2501 1316 2578 scriptum
1337 2502 1373 2561 sit
1393 2519 1457 2562 non

207 2595 304 2655 minus
325 2595 399 2656 duos
420 2615 521 2656 uersus
542 2598 684 2657 excidisse
704 2599 818 2672 iudico;
840 2599 968 2677 alloquia
987 2602 1148 2660 nuberetur
1167 2600 1240 2658 ratio
1258 2617 1458 2662 numerorum.

208 2693 278 2754 Duo
291 2695 378 2772 igitur
391 2695 512 2754 carmini
527 2695 615 2753 XXX
628 2696 838 2756 adnumerandi
853 2705 928 2756 sunt.

324 2860 453 2903 almitas
471 2861 545 2902 ΙΙΔΕ
564 2862 699 2905 motuis.
903 2863 1033 2905 PAGINAS
1051 2864 1173 2906 svutrnz
1192 2864 1405 2908 postulem.

208 2953 321 3014 XXIX.
361 2974 395 3029 14
424 2953 584 3015 Ducenties
598 2965 743 3016 comesset
854 2959 966 3018 XXIX.
1006 2975 1041 3034 15
1070 2959 1151 3031 Quid
1164 2970 1210 3018 est
1224 2959 1272 3018 alit

206 3051 394 3126 XXVIII.r4
423 3054 463 3114 At
477 3056 562 3115 uobis
575 3055 652 3114 mala
665 3057 756 3116 multa
855 3055 1042 3131 XXVIII.15
1071 3057 1159 3128 Dent,
1176 3059 1336 3134 obprobria

209 3149 338 3211 XXVII.
379 3155 397 3211 6
425 3152 493 3212 Vini
507 3153 648 3230 pernicies
856 3153 984 3213 XXVII.
1026 3169 1042 3229 7
1072 3154 1207 3230 Migrate.
1230 3155 1289 3214 Hic
1302 3174 1401 3215 merus

208 3249 305 3309 XXV.
360 3269 396 3309 10
422 3249 472 3310 Ne
485 3249 602 3310 laneum
616 3250 789 3310 latusculum
856 3251 952 3311 XXV.
1007 3271 1040 3312 11
1072 3252 1174 3312 Inusta
1187 3254 1307 3330 turpiter

208 3347 321 3408 XXIV.
381 3363 399 3424 5
426 3347 479 3408 Isti
493 3349 562 3425 quoi
576 3367 671 3426 neque
698 3337 703 3348 ’
855 3350 968 3410 XXIV.
1028 3355 1046 3410 6
1075 3349 1174 3424 Quam
1189 3352 1229 3411 sic
1244 3361 1273 3411 te
1287 3353 1398 3412 sineres

208 3443 326 3505 XXIII.
362 3459 397 3520 17
427 3445 592 3523 Mucusque
606 3457 634 3506 et
648 3447 725 3506 mala
857 3449 972 3508 XXIlI.
1010 3453 1045 3508 18
1075 3447 1163 3509 Hanc
1177 3448 1215 3508 ad
1229 3450 1408 3509 mundiciam

208 3542 325 3604 XXIII.
379 3563 391 3603 1
423 3543 517 3616 Furei,
532 3545 579 3604 cui
592 3563 689 3623 neque
857 3547 973 3606 XXIII.
1028 3567 1044 3606 a
1075 3546 1139 3606 Nec
1154 3549 1248 3607 cimex
1265 3567 1320 3608 nec
1334 3567 1459 3608 araneus

208 3641 309 3702 XXII.
380 3656 396 3720 7
425 3642 505 3702 Noui
518 3643 646 3704 umbilici
857 3645 957 3705 XXII.
1027 3649 1045 3704 8
1074 3645 1200 3705 Derecta
1212 3647 1335 3723 plumbo

208 3740 293 3800 XXI.
379 3757 398 3816 5
426 3740 492 3801 Nec
505 3741 581 3802 clam
594 3760 663 3801 nam
678 3740 807 3802 simules
858 3742 940 3801 XXI.
1028 3745 1045 3801 6
1075 3741 1211 3802 Haerens
1225 3745 1352 3804 adlatus

210 3839 310 3899 XVII.
364 3844 399 3900 1⁶
427 3841 614 3901 Asseruanda
627 3841 790 3919 nigerrimis
859 3841 958 3900 XVII.
1012 3855 1048 3917 17
1077 3841 1191 3900 Ludere
1205 3842 1282 3902 hanc
1296 3844 1362 3902 sinit

416 3935 544 4020 [Iltulru
557 3939 624 3998 c.X
632 3935 709 4021 VII]
857 3938 957 3999 XVII.
1034 3938 1238 4000 10colonia
1251 3958 1327 4017 quae
1341 3941 1424 4016 cupis

211 4036 277 4094 XV.
362 4057 398 4113 19
427 4036 597 4098 Percurrent
612 4038 790 4115 raphanique
1074 4036 1123 4095 Ad
1133 4037 1283 4098 Aurelium
1296 4048 1326 4097 et
1339 4037 1459 4097 Furium

212 4135 276 4193 XV.
380 4155 398 4212 3
427 4135 467 4194 Vt
481 4137 506 4196 si
519 4137 675 4214 quicquam
690 4137 790 4194 animo
860 4133 925 4192 XV.
1021 4146 1047 4207 '4
1076 4133 1167 4206 Quod
1181 4145 1293 4194 castum
1307 4145 1459 4212 expeteres

253 4371 362 4430 Versus
386 4367 473 4429 XIVb
498 4370 691 4446 fragmentum
720 4379 787 4428 sunt
812 4370 908 4428 amIssi
934 4369 1078 4437 carminis,
1103 4370 1184 4445 quod
1206 4381 1349 4446 quantum
1374 4371 1458 4433 luerit

213 4471 379 4530 coniectura
399 4479 510 4530 tantum
531 4478 582 4526 est.
625 4467 684 4526 Sed
703 4468 727 4526 si
744 4467 873 4527 carmina
888 4466 1017 4526 l—XIV
1030 4485 1226 4539 numeramus,
1242 4470 1346 4528 additis
1360 4471 1457 4543 titulis,
