3074 5066
197 393 257 451 tat
652 393 709 454 DE
733 389 997 454 PARTITlONE

194 579 285 648 «χι-,μ
306 585 351 636 est
375 558 443 650 442⁹,
463 557 533 652 444,
557 579 654 639 codex
678 589 804 657 quatum
825 579 982 656 postrema
1004 578 1103 653 anun
1134 579 1166 638 sn
1189 577 1266 638 vm
1289 579 1379 649 σχῆμα
1404 585 1452 634 est
1529 660 1533 669 Ι

196 672 265 762 444,
280 673 349 762 444,
364 693 458 752 codex
473 693 494 750 7
510 693 644 771 adpingit
663 693 779 754 duabus
797 693 902 752 mediis
917 699 1077 768 πρασιαῖς,
1098 703 1250 771 praeterea
1270 701 1297 756 4
1316 692 1367 751 ubi
1387 707 1452 750 441-

193 821 263 862 men
284 806 314 863 in
335 806 395 865 duo
416 807 537 868 dimidia
557 809 713 882 scinditru3
738 809 770 867 iu
790 808 836 868 IX
855 818 951 868 totum
971 813 1062 882 σχῆμα
1082 820 1126 869 est
1140 792 1189 882 64,
1201 791 1250 882 di,
1265 791 1313 881 44,
1330 824 1377 878 44,
1393 788 1447 879 ia:

193 901 290 962 codex
303 915 405 962 notam
417 905 507 965 habet
521 916 591 983 post
603 925 744 966 numeros
764 907 870 984 quibus
891 907 999 984 stigma
1019 907 1153 984 adposui,
1168 917 1198 966 et
1218 916 1288 984 post
1300 925 1330 964 u.
1342 908 1378 962 18
1399 903 1452 962 ubi

192 1036 255 1076 non
276 1020 427 1080 inciditur:
456 1023 486 1082 in
507 1022 538 1082 X
558 1027 650 1096 σχῆμα
669 1035 714 1083 441
737 1004 785 1096 4’.4
804 1043 849 1096 44.
866 1005 946 1096 444,
970 1023 1065 1082 codex
1090 1033 1192 1082 uotam
1213 1021 1296 1080 addit
1320 1031 1354 1080 ut
1376 1019 1453 1077 indi·

193 1133 276 1190 mu:
307 1132 353 1192 ru
377 1139 467 1207 crim
489 1136 579 1196 nabet
603 1119 671 1210 644,
687 1119 756 1210 444,
778 1139 874 1198 codex
895 1147 997 1196 notam
1018 1137 1295 1197 aeditumum
1318 1135 1454 1195 44414

193 1231 338 1306 stigmate,
352 1242 381 1290 et
395 1245 463 1310 post
477 1253 579 1294 uersus
600 1255 627 1308 4,
643 1239 690 1308 46,
705 1236 784 1296 unde
805 1236 928 1296 sortasse
944 1235 1072 1295 conicias
1086 1235 1158 1294 olim
1171 1237 1297 1313 primam
1310 1221 1454 1306 remla

194 1329 226 1387 iu
242 1349 289 1402 44,
304 1330 435 1390 ultimam
456 1333 487 1391 in
509 1352 546 1405 44
569 1334 753 1394 distributam
773 1333 870 1394 fuisse.
914 1333 973 1393 Sed
987 1353 1056 1394 curn
1073 1343 1144 1392 nota
1161 1351 1222 1392 nou
1241 1333 1272 1390 in
1290 1331 1367 1391 Odis
1387 1341 1453 1389 tan-

193 1437 258 1487 tum
272 1441 301 1488 et
314 1429 427 1506 Epodis
443 1441 578 1503 recurrat,
592 1432 645 1492 sed
659 1431 747 1492 etiam
761 1433 792 1490 in
807 1431 906 1490 Satiris
920 1431 1127 1509 Epistulisque,
1141 1431 1211 1490 nihil
1232 1431 1341 1490 certius
1361 1430 1399 1488 de
1414 1446 1453 1486 ea

194 1528 395 1586 asseuerarim.

236 1623 333 1684 Multo
347 1625 452 1684 clarius
466 1643 513 1685 res
527 1625 621 1686 elucet
635 1626 665 1685 in
681 1625 811 1686 Senecae
825 1625 1008 1703 Tragoediis
1052 1626 1121 1686 Hae
1136 1627 1224 1698 euim,
1239 1638 1271 1686 ut
1290 1627 1452 1685 etiamnum

193 1719 339 1798 leguntur,
361 1725 438 1784 adeo
459 1724 594 1784 distincte
622 1725 653 1782 in
680 1735 778 1801 partes
806 1744 873 1784 suas
897 1725 986 1800 lyrica
1009 1724 1119 1784 habent
1144 1725 1260 1785 diducta
1281 1736 1313 1784 ut
1339 1727 1364 1784 si
1388 1727 1454 1801 quis

195 1821 431 1897 antiquissimum
444 1840 592 1898 quemque
606 1823 739 1881 codicem
758 1824 885 1882 excutiat
897 1823 1035 1898 uanaque
1052 1824 1127 1882 inter
1147 1841 1179 1882 44
1197 1835 1349 1900 comparet
1369 1824 1453 1899 signa

195 1921 392 1994 partitionum,
406 1921 455 1978 uix
471 1921 602 1979 dubitem
619 1921 691 1996 quin
711 1939 781 1979 eum
799 1921 932 1979 ordinem
947 1931 1136 1980 reuocaturus
1150 1922 1186 1980 sit
1199 1940 1288 1998 quem
1302 1923 1453 1980 habebant

196 2035 266 2075 cum
291 2019 417 2093 primum
438 2018 608 2076 edebantur.
649 2017 742 2090 Quod
762 2029 794 2078 ut
814 2019 918 2078 melius
938 2019 1122 2096 intelligatur,
1144 2019 1228 2096 signa
1247 2021 1334 2096 posui
1356 2021 1453 2097 qualia

195 2113 226 2172 io
241 2125 365 2189 quamor
379 2115 529 2174 codicibus
543 2115 650 2174 inuem.
903 2107 909 2115 ’

678 2329 795 2387 Munna
819 2333 878 2404 578
901 2332 970 2406 669.

280 2493 362 2554 Harl.
379 2496 466 2566 4484.
671 2491 754 2553 Harl.
769 2495 859 2568 6332.
1078 2495 1292 2555 Lincolnieusis
1307 2507 1359 2571 92:

982 2607 1053 2668 Non
1067 2609 1117 2668 ubi
1131 2609 1271 2670 bibemos
1285 2611 1447 2672 nebulosus

982 2705 1053 2766 Non
1067 2709 1116 2767 ubi
1131 2707 1252 2784 impellit
1266 2709 1433 2769 Rhodanus

595 2801 625 2860 s
631 2800 745 2862 Caecus
759 2811 803 2862 est
816 2789 893 2880 ignis
982 2802 1097 2865 Caecus
1111 2815 1155 2865 est
1168 2807 1245 2882 igm's
1259 2807 1427 2866 stimulatus

204 2901 353 2961 :Pascite
367 2900 396 2960 Ο
410 2901 470 2960 diui
596 2898 625 2956 Γ
630 2899 742 2960 Parcite
756 2897 785 2959 Ο
800 2899 860 2959 diui

204 2999 301 3059 :Sed
315 2999 381 3058 frunt
394 2999 473 3058 uinci

203 3097 339 3157 :Ausus
353 3106 487 3155 aeternos
596 3093 626 3152 Γ
630 3096 729 3155 Ausus
743 3105 878 3155 aeternos
983 3095 1081 3156 Ausus
1095 3099 1229 3157 aeternos
1244 3098 1354 3173 agitare

202 3195 377 3256 :Constitit
391 3195 460 3254 nulli
982 3193 1119 3254 Constitit
1127 3196 1196 3254 nulli
1205 3197 1253 3255 uia
1262 3207 1333 3254 nota
1342 3215 1460 3273 magno

203 3293 383 3371 :Quisquis
397 3292 515 3352 audacis
596 3290 625 3348 f
631 3291 771 3368 Quisquis
786 3291 905 3351 audacis
983 3291 1124 3370 Quisquis
1138 3291 1256 3352 audacis
1269 3293 1364 3369 tetigit

596 3389 626 3448 Γ
631 3389 772 3466 Quisquis
787 3391 903 3450 intrauit

205 3489 340 3566 :Exigit
353 3506 466 3566 poenas
596 3485 728 3562 s'Exigit
742 3505 835 3563 penas
983 3491 1082 3568 Exigit
1096 3508 1188 3568 penas
1202 3508 1283 3550 mare

597 3583 625 3641 Γ
630 3585 718 3644 Auris
732 3586 857 3644 amissae

204 3683 294 3743 :llle
309 3682 403 3742 uocali
983 3685 1036 3744 llle
1050 3685 1144 3744 uocali
1159 3685 1274 3760 genitus

205 3783 350 3842 :Strauit
364 3780 482 3840 Alcides
597 3777 627 3837 Γ
633 3779 740 3839 Strauit
754 3779 873 3838 Alcides
985 3784 1091 3844 Strauit
1105 3784 1223 3842 Alcides

205 3881 312 3957 :Ipse
327 3890 394 3958 post
407 3890 498 3939 terrae
597 3877 699 3954 flpse
714 3887 782 3955 post
796 3887 890 3936 terrae
984 3879 1052 3957 lpse
1066 3889 1134 3956 post
1147 3888 1240 3938 terrae
1254 3877 1419 3956 pelagique

204 3978 349 4038 :Strauit
363 3977 515 4036 Ancaeum
597 3975 626 4036 Γ
632 3977 739 4036 Strauit
751 3976 905 4035 Ancaeum

638 4074 803 4132 l'meruere
817 4073 913 4132 cuncti

205 4171 287 4231 :Ite
301 4191 379 4232 nunc
394 4173 482 4234 fortes
597 4171 676 4234 l'lte
690 4191 768 4232 nunc
783 4172 873 4232 sortes
983 4173 1028 4235 Ite
1043 4193 1121 4234 nuuc
1135 4173 1232 4246 sortes,
1247 4184 1383 4250 perarate

205 4267 407 4340 :Idmonem
416 4273 550 4347 quamuis
596 4271 626 4331 s
632 4269 797 4341 Idmonem,
807 4271 941 4347 quamuis

206 4365 389 4426 :Omnibus
403 4385 491 4426 uerax
598 4369 627 4428 Γ
633 4367 779 4429 Omnibus
792 4387 881 4428 uerax
984 4368 1130 4428 Omnibus
1143 4385 1231 4427 uerax

599 4465 685 4525 flue
700 4469 805 4526 sinere
