3118 5054
214 411 241 468 vi
611 413 970 474 PROLEGOMENA.

215 594 370 671 HauptiuS‚
385 597 448 672 ipse
462 614 555 673 prope
570 596 748 673 Lugdunum
762 599 794 656 in
809 598 903 657 insula
918 598 1043 657 Sanctae
1057 597 1204 656 Barbarae
1219 616 1237 656 a
1252 596 1365 656 Sanna-

215 696 292 754 aario
313 707 443 772 repertus
465 707 516 754 est.
560 695 657 755 Huius
679 695 788 756 codicis
807 715 883 773 quae
904 696 1103 772 antiquissima
1122 715 1190 772 pars
1209 706 1254 755 est
1272 713 1365 754 mem·

214 794 311 852 branis
336 805 452 852 constat
477 794 667 870 undeuiginti,
691 807 723 853 ut
749 793 880 871 Hauptio
909 795 1024 854 uidetur
1052 795 1169 853 saeculo
1194 812 1275 853 nouo
1304 812 1366 853 non

213 891 407 952 inferioribus,
464 891 570 952 Insunt
604 894 734 952 carmina
768 893 938 963 Eucheriae,
973 893 1139 952 Halieutica
1171 891 1270 964 Ouidi,
1303 893 1366 968 epi-

211 1001 348 1066 'gramma
375 990 551 1066 Apollinaris
579 991 700 1062 Sidonii,
730 991 911 1070 Cynegetica
943 990 1046 1063 Gratii,
1079 989 1220 1050 Martialis
1255 991 1366 1066 aliquot

214 1090 433 1164 epigrammata.
488 1087 615 1148 Carmen
644 1088 814 1160 Eucheriae,
844 1089 1017 1160 Halieuma,
1047 1087 1226 1166 Cynegetica
1258 1089 1366 1148 eodem

213 1187 317 1247 ordine
338 1205 369 1246 se
392 1188 540 1265 excipiunt
561 1188 592 1244 in
613 1187 796 1248 Thoanaeo:
820 1189 900 1247 unde
922 1188 1070 1265 Hauptius
1090 1189 1236 1264 integrum
1258 1189 1365 1247 librum

216 1285 463 1344 Sannazarianum
491 1286 596 1345 eadem
620 1303 688 1345 cum
716 1285 774 1346 lroc
801 1305 862 1345 non
891 1287 1037 1346 immerito
1069 1287 1186 1362 collegit
1219 1286 1364 1345 habuisse.

214 1385 282 1462 Ipse
296 1385 476 1444 Thuanaeus
491 1385 561 1444 nihil
575 1386 663 1444 habet
677 1403 695 1444 a
709 1384 823 1444 Gallico
843 1385 983 1461 scriptore
997 1386 1169 1462 proiectum.
1212 1385 1364 1462 Eugenius

214 1482 302 1552 enim,
322 1484 404 1543 cuius
427 1484 570 1560 opuscula
594 1495 661 1560 post
684 1484 829 1543 quenalis
853 1485 963 1555 satiras,
984 1484 1182 1543 intercedente
1207 1483 1365 1561 epitaphio,

214 1580 270 1639 illic
295 1580 437 1656 legimur,
461 1581 674 1641 Toletanorum
699 1582 730 1639 in
754 1581 899 1658 Hispania
921 1581 1087 1659 Episcopus
1112 1581 1173 1642 fuit.
1225 1580 1283 1640 Sed
1306 1580 1365 1657 Cy-

214 1677 370 1752 negeticon
401 1677 570 1737 Nemesiani
601 1679 651 1754 qui
681 1697 758 1738 unus
790 1679 887 1738 multis
918 1680 1041 1738 saeculis
1075 1679 1256 1738 mentionem
1288 1679 1364 1748 lacit,

215 1776 403 1847 ffincmarus,
418 1778 584 1854 Episcopus
599 1775 778 1848 Remensis¹‚
793 1778 840 1836 lric
858 1789 887 1836 et
905 1779 968 1854 ipse
983 1778 1086 1838 Gallus
1101 1777 1163 1849 fuit,
1178 1790 1288 1837 etcum
1303 1777 1365 1836 aliis

215 1875 311 1950 pueris
334 1893 369 1934 ea
391 1877 421 1934 in
444 1877 526 1935 scola
549 1876 659 1952 legerat
682 1876 805 1953 (Haupt.
821 1875 941 1948 Quaest.
958 1876 1021 1936 Cat.
1042 1895 1069 1953 p.
1084 1874 1124 1953 3).
1166 1874 1231 1934 Nec
1255 1895 1273 1934 a
1292 1894 1364 1934 uero

214 1975 350 2035 abhorret
368 1975 509 2053 florilegio
527 1975 608 2046 haec,
623 1976 689 2035 dico
706 1976 795 2035 libros
811 1976 1006 2036 Thuanaeum
1022 1987 1052 2035 et
1069 1976 1316 2036 Sannaaarianum
1333 1976 1364 2032 in

214 2093 300 2133 usum
323 2093 480 2151 puerorum
502 2073 681 2134 Gallicorum
704 2075 811 2151 scripta
832 2071 943 2134 fuisse².
985 2075 1023 2132 Et
1044 2073 1224 2133 Thuanaeus
1245 2073 1364 2149 quidem

214 2172 275 2232 VlI
296 2174 414 2233 saeculo
436 2174 534 2233 medio
555 2175 633 2250 prior
652 2191 713 2232 non
734 2183 830 2250 potest
845 2192 926 2246 esse;
949 2173 1099 2250 Eugenius
1114 2174 1192 2232 enim
1207 2174 1364 2250 episcopus

214 2269 267 2330 fuit
281 2272 494 2331 Toletanorum
513 2273 590 2330 circa
611 2273 678 2345 650.
722 2271 780 2331 Sed
806 2272 875 2331 nihil
899 2273 968 2331 hinc
993 2272 1175 2331 concluditur
1199 2272 1237 2330 de
1261 2269 1364 2330 codice

213 2369 291 2428 unde
307 2367 411 2428 Catulli
430 2388 455 2427 c.
471 2368 557 2427 LXII
578 2369 755 2447 descriptum
769 2381 821 2428 est.
864 2369 896 2428 Si
915 2388 989 2428 uero
1010 2381 1086 2429 recte
1106 2371 1143 2429 de
1163 2369 1250 2428 literis
1265 2367 1364 2426 Mero·

214 2467 337 2542 uingicis
351 2468 486 2538 diximus,
501 2468 525 2526 is
540 2467 657 2526 saeculo
671 2477 755 2526 sexto
769 2467 816 2526 uel
830 2468 956 2544 septimo
971 2469 1057 2527 scribi
1071 2469 1172 2544 potuit.

254 2565 326 2625 Post
348 2566 494 2625 Isidorum
516 2565 724 2644 Hispalensem
745 2568 795 2644 qui
816 2586 841 2626 c.
857 2567 882 2626 Ι.
900 2586 955 2626 2-2
977 2567 1082 2628 Camlli
1103 2567 1187 2626 affert
1207 2567 1238 2624 in
1260 2564 1362 2641 Origg.

213 2663 266 2721 Vl.
286 2682 331 2734 12,
353 2663 476 2723 fortasse
496 2683 533 2722 ex
548 2663 813 2724 Grammaticomm
835 2666 941 2743 aliquo,
957 2677 985 2724 et
999 2665 1110 2724 LXIV.
1126 2668 1174 2738 65,
1189 2682 1279 2740 quem
1296 2681 1362 2721 uer·

214 2779 279 2820 sum
305 2761 418 2822 Cinnae
446 2763 542 2821 tribuit
550 2758 570 2832 ³,
598 2763 747 2822 neminem
776 2764 882 2823 scimus
911 2764 961 2841 qui
991 2761 1138 2824 Catullum
1166 2763 1268 2839 legerit
1295 2770 1363 2820 ante

246 3027 256 3058 ¹
273 3031 310 3078 Ad
319 3030 470 3076 Hincmanrrn
483 3029 620 3092 Episcopum
629 3029 804 3077 Laudunenseua
813 3045 864 3092 cap.
873 3043 903 3092 ²4
911 3031 1010 3093 (Haupt.
1022 3045 1044 3092 p.
1052 3043 1083 3092 4²
1093 3031 1169 3078 Gratii
1178 3039 1202 3077 et
1211 3028 1362 3093 Nemesiani).

217 3113 274 3161 Tuis
285 3112 479 3174 compilationibus
490 3112 584 3173 confuso
597 3111 735 3174 (lcoafueis)
747 3121 768 3159 at
778 3111 836 3159 rictu
846 3113 892 3174 ipse
902 3113 983 3160 diue'sti
995 3121 1140 3174 praepostero
1156 3113 1237 3160 ardiae
1250 3113 1331 3174 puertia
1341 3121 1363 3160 et

213 3209 331 3257 nunquam
343 3194 368 3240 ia
379 3194 456 3241 eodem
467 3203 527 3240 matu
539 3193 681 3242 ntaoentilrue
691 3195 760 3242 aliter
770 3196 904 3257 respondere
914 3210 960 3242 reoa
972 3196 1046 3257 potui,
1059 3196 1111 3251 nisi,
1123 3205 1148 3242 ut
1163 3205 1281 3243 ueaotorer
1290 3196 1363 3256 ferae

213 3276 288 3324 lustra
299 3287 410 3339 raguenus
421 3289 491 3338 agere
501 3277 583 3323 ouddu
591 3285 613 3323 et
620 3276 713 3324 lectione
721 3276 898 3338 puerscolarius
909 3277 933 3323 ia
944 3276 1005 3324 libro
1015 3277 1055 3340 qui
1065 3276 1197 3324 inscribitur
1204 3278 1359 3341 Kyaegetieoa

213 3359 410 3424 Cartbagiaimsis
421 3359 514 3406 Aurelii
530 3358 607 3414 didici,
619 3359 663 3406 bac
679 3358 776 3422 illacque
790 3359 937 3406 mmmm
953 3360 1093 3423 retrograda
1106 3360 1175 3407 etiam
1190 3361 1288 3424 uestigia
1299 3369 1363 3422 repe·

212 3442 287 3496 mado,
299 3442 420 3502 anfractus
436 3451 487 3488 tuoe
503 3441 639 3506 uestiganda
655 3441 769 3503 explicare
785 3443 915 3489 studerem:
931 3443 994 3504 guod
1003 3443 1080 3490 adhuc
1091 3442 1147 3489 aiibi
1157 3443 1200 3489 erit
1210 3443 1362 3490 messorium

206 3525 290 3586 facere
299 3533 322 3571 et
334 3524 358 3570 ia
369 3523 506 3586 explicanda
522 3525 551 3575 de
567 3523 657 3586 irreeptis
673 3523 763 3571 ratione
780 3533 801 3571 ct
816 3523 840 3570 ia
858 3524 994 3572 attendenda
1010 3523 1099 3572 causali
1113 3523 1202 3571 actione
1215 3525 1244 3572 de
1257 3524 1292 3571 bis
1302 3538 1362 3586 quae

212 3605 324 3652 admoui
339 3615 361 3652 et
373 3615 418 3667 pro
433 3605 512 3668 quibus
527 3605 567 3652 tibi
580 3614 602 3652 et
615 3605 720 3653 eccleciae
730 3605 770 3652 tibi
784 3605 916 3654 222222ιὲ2222
926 3606 1013 3668 scripsi,
1024 3615 1105 3653 contra
1121 3621 1180 3669 quae
1196 3605 1364 3668 inregulariter

212 3687 403 3750 subscriptionem,
423 3688 478 3752 quia
493 3688 569 3750 potius
587 3697 651 3735 tuam
670 3703 757 3735 nouam
773 3689 980 3750 praesumptionem
999 3689 1078 3736 adiens
1098 3689 1160 3736 nrille
1180 3689 1232 3735 uias
1248 3689 1363 3750 2222222222

212 3769 302 3818 labores
320 3772 477 3834 discursusque
496 3771 550 3817 citos
569 3771 643 3818 securi
658 3771 748 3832 proelia
769 3771 831 3818 ruric
850 3781 872 3819 et
888 3772 974 3819 daem
991 3773 1059 3820 corde
1074 3772 1124 3820 liter
1140 3773 1273 3820 domesticae
1289 3771 1364 3820 subire

213 3853 345 3915 compellor.

246 3933 257 3962 ¹
273 3936 359 3997 Haupt.
371 3935 467 3996 Qraeat.
480 3935 564 3984 Catuli.
584 3951 607 3996 p.
620 3949 642 3998 3.

245 4017 256 4046 ³
272 4019 385 4080 Hauptiur
398 4021 506 4084 (Quaeso
517 4022 601 4069 Catuli.
615 4037 638 4084 p.
647 4019 692 4085 92)
704 4030 771 4082 putat
783 4021 896 4070 Isidorum
908 4022 1025 4070 Catullum
1036 4022 1146 4082 respicere
1158 4022 1181 4068 in
1193 4021 1252 4069 libro
1264 4021 1364 4083 021)τῖ-

205 4103 312 4164 sererett'is
322 4104 438 4150 Smoais
449 4113 466 4152 t.
477 4105 505 4152 V.
514 4113 539 4166 p.
547 4101 579 4166 63
591 4104 666 4153 Areu.
685 4105 786 4151 Sacrum
797 4105 844 4151 duo
855 4104 971 4168 significat
980 4115 1001 4152 et
1012 4105 1096 4152 6222222
1106 4113 1129 4150 et
1139 4104 1235 4152 mulum
1261 4103 1363 4158 Bonum,

214 4195 239 4232 ut
255 4185 317 4232 illud
327 4191 333 4211 ⁸
344 4185 405 4236 luter
422 4185 516 4234 flumina
534 4195 589 4232 nota
607 4196 631 4234 et
647 4187 718 4233 sontis
735 4186 830 4239 saetosi
848 4186 936 4234 naulum
953 4195 978 4232 ut
990 4187 1061 4234 ‘Auri
1082 4201 1145 4234 sacra
1161 4185 1223 4232 lides'
1235 4186 1364 4232 et‘Sacrae

212 4273 219 4294 ¹
231 4268 361 4328 panduntur
372 4267 459 4328 portae'
470 4278 491 4315 et
503 4274 508 4294 ¹
519 4269 583 4315 Leno
595 4268 664 4315 sacer·
675 4277 697 4316 et
710 4269 793 4316 ‘Sacer
805 4268 895 4315 hircus!
929 4270 967 4316 Cf.
979 4270 1032 4317 Cat.
1045 4269 1130 4317 LXXI.
1145 4281 1156 4316 1
1175 4269 1203 4316 Si
1213 4269 1274 4332 quoi,
1286 4269 1363 4324 Virro,

213 4349 271 4397 ieoao
290 4363 355 4397 sacer
372 4351 466 4398 alarum
486 4351 570 4398 obstitit
587 4351 672 4399 bueus.
711 4353 749 4398 Ad
768 4353 855 4414 Georg.
869 4352 898 4398 11.
911 4363 958 4415 395
978 4351 1012 4398 Et
1029 4353 1110 4400 ducem
1127 4367 1199 4399 cornu
1216 4351 1284 4398 stabit
1299 4366 1363 4399 sacer

212 4433 288 4480 atreus
304 4433 339 4480 ad
353 4447 422 4480 22222
439 4443 500 4480 certe
515 4449 562 4480 non
577 4431 691 4493 pertineat
708 4443 734 4480 ut
750 4433 906 4480 Froehlichius
921 4443 945 4480 et
961 4433 1093 4481 Schwabius
1108 4442 1206 4494 putant;
1223 4448 1285 4480 secer
1299 4433 1361 4479 enan

213 4519 251 4565 hic
262 4529 296 4564 eet
308 4517 347 4578 qui
359 4517 382 4562 in
394 4515 504 4563 sacrificio
516 4517 625 4565 caeditur.
658 4517 702 4564 sea
716 4517 784 4564 nimis
800 4517 886 4564 incerta
902 4528 936 4564 est
952 4517 1061 4578 scriptura
1077 4531 1154 4563 uersus
1166 4515 1260 4570 Catulli,
1271 4516 1363 4562 codices

1543 3970 1550 4019 i
