3118 5054
568 401 927 463 PROLEGOMENA.
1240 421 1318 462 xxxv

166 579 265 640 forma
279 585 462 658 quaternaria
475 583 597 642 minore.
640 582 740 644 Habet
756 584 826 644 solia
844 586 891 658 36,
906 603 943 642 ex
960 583 1065 661 quibus
1080 597 1118 658 35
1134 585 1319 660 septuaginta
1429 611 1433 618 ·

166 679 295 754 paginas
320 679 447 739 efficiunt
472 699 509 755 33
532 700 679 752 uersuum,
703 693 817 758 praeter
841 681 1088 758 septuagesimam
1112 683 1142 738 in
1167 698 1226 756 qua
1250 690 1318 740 sunt

169 794 219 851 34.
263 776 390 836 infolio
413 781 450 852 36
473 780 635 856 subscripta
656 779 730 838 haec
753 789 828 838 sunt.
870 779 1004 853 Explicit
1024 778 1135 839 canali
1160 777 1319 836 Veronensis

166 873 285 931 libellus.

218 969 321 1030 Versra
331 972 453 1031 Domini
461 973 634 1032 Beneuemele'
642 975 673 1032 de
689 973 880 1049 Campexanis
893 975 925 1031 ele
942 971 1065 1062 Vicenet'q
1078 973 1110 1030 de
1123 975 1319 1030 resurrectione

170 1067 287 1128 Catulli
295 1078 387 1144 poetae
408 1071 573 1130 Veronensis.
616 1071 664 1130 Ad
683 1073 916 1148 patriam-erat.
962 1071 1006 1127 Tu
1024 1073 1104 1128 leclor
1118 1071 1322 1146 quoeunquead

167 1167 251 1222 anat
265 1185 365 1226 manus
377 1169 423 1225 ltic
441 1169 547 1226 libellus
565 1169 709 1239 abruma,
723 1171 858 1243 scriptori
872 1170 909 1226 da
928 1171 1046 1239 arntiam,
1059 1171 1089 1225 st‘
1103 1169 1157 1225 nbi
1170 1173 1319 1241 corruptus

168 1263 318 1322 aeilebilur.
363 1265 497 1336 Quoniam
511 1285 530 1322 a
543 1269 752 1342 corruptissimo
761 1267 919 1341 exemplari
928 1267 1114 1340 transcripsit,
1125 1285 1178 1322 non
1189 1283 1241 1322 eun
1251 1261 1317 1341 (sic)

167 1362 315 1436 quodpiam
329 1365 412 1421 altied
421 1365 538 1422 extabat
548 1364 619 1422 unde
629 1376 735 1440 possem
754 1365 843 1423 libelli
856 1365 941 1422 latios
959 1364 1010 1421 ltr’e
1025 1366 1128 1440 coptam
1138 1363 1323 1437 ‘exemplandi

168 1464 197 1515 el
219 1467 254 1516 ut
274 1477 314 1517 ex
337 1455 380 1535 ipo
402 1463 538 1520 salebroso
564 1463 676 1537 aliquid
698 1469 806 1519 lantum
833 1468 965 1537 suggeret
985 1458 1178 1540 (suggereret)
1202 1461 1323 1517 decreatl

164 1558 258 1629 patries
279 1563 370 1615 tannen
389 1566 529 1634 correptura
553 1559 652 1616 babere
673 1578 755 1634 quam
780 1562 887 1616 omnim
910 1577 1014 1629 carere,
1034 1569 1147 1632 sperans
1170 1557 1262 1615 adbuc
1281 1558 1318 1616 ob

169 1653 275 1729 alliquo
287 1656 470 1734 nlt'osorluile
482 1663 627 1733 emergenle
639 1657 713 1714 bunc
721 1667 799 1732 posse
808 1660 954 1732 corregere,
966 1657 1069 1714 uolebas
1078 1659 1109 1714 si
1117 1657 1146 1712 ei
1155 1658 1318 1731 empraalus

169 1753 339 1828 nonsaert's.

259 1930 336 1991 1375
350 1918 377 1974 ἦ
393 1915 420 1982 B
432 1917 528 1975 octobr.
548 1929 606 1992 19⁰.
621 1917 658 1993 qia
671 1915 860 1994 corignorbes¹
875 1917 1020 1976 laborabat
1033 1920 1064 1975 in
1077 1918 1212 1975 extronis

253 2036 357 2096 Lrsbeb
371 2039 497 2097 damnose
509 2040 599 2099 bibens
611 2043 816 2116 interpretatur.

170 2202 277 2263 Codex
302 2205 398 2263 uarias
422 2204 561 2264 lectiones
584 2204 690 2264 multas
714 2205 810 2276 habet,
827 2206 933 2281 partim
955 2221 1044 2280 supra
1065 2203 1195 2279 scriptas,
1212 2202 1317 2279 partim

169 2303 202 2360 in
220 2304 364 2378 margine,
378 2303 541 2379 plerasque,
554 2314 587 2362 ut
607 2302 677 2360 mihi
699 2321 766 2361 cum
780 2303 947 2361 Woelfflino
968 2313 997 2361 et
1014 2301 1174 2360 Duebnero
1195 2300 1318 2371 uidetur,

169 2419 234 2460 non
259 2401 356 2460 solum
380 2402 488 2460 eodem
511 2411 651 2476 tempore,
677 2401 730 2459 sed
754 2401 858 2460 eadem
881 2419 973 2460 manu
997 2411 1136 2460 exaratas.
1186 2398 1255 2457 Dixi
1280 2399 1317 2459 de

169 2499 343 2574 antiquitate
365 2499 426 2556 eius
447 2499 477 2555 in
498 2497 734 2572 Prolegomenon
755 2499 870 2573 paginis
888 2517 1001 2570 xv-xx;
1023 2498 1128 2574 quibus
1142 2497 1214 2556 haec
1229 2496 1317 2556 addo.

169 2595 409 2672 Praepositiones
433 2595 548 2654 casibus
573 2613 660 2670 saepe
685 2594 850 2665 cohaerent,
871 2605 903 2654 ut
926 2597 1048 2652 oratione
1074 2597 1238 2652 menandriana
1263 2611 1318 2669 pro

169 2695 320 2750 oratam
335 2695 365 2751 in
378 2692 505 2762 Ardeam,
519 2699 563 2749 ale
574 2694 697 2767 agretnt'o
710 2695 826 2768 inquito
841 2699 894 2750 alle
908 2691 961 2772 (ad
974 2691 1009 2770 le)
1025 2695 1141 2768 t'rrgnalo
1156 2691 1199 2766 (in
1212 2687 1318 2766 gnata)

162 2789 418 2868 proprietatem
431 2789 543 2865 pr‘elale)
557 2793 669 2865 anquam
683 2807 766 2865 qaam
781 2789 825 2866 (in
839 2786 1027 2866 quemquam);
1049 2801 1086 2860 et,
1101 2789 1182 2864 quod
1197 2789 1319 2857 mireris,

169 2891 201 2946 in
215 2888 296 2946 hand
310 2906 384 2956 raro,
400 2905 612 2962 nonnunquam
619 2892 705 2961 poste
711 2898 767 2962 pro
779 2887 830 2945 ubi
843 2887 954 2962 primae
968 2887 1095 2962 syllabae
1109 2886 1318 2945 adiectiuorum

168 2987 219 3045 uel
247 2986 454 3045 aduerbiorum
482 2994 549 3042 sunt
575 2985 702 3061 ideoque
730 2985 917 3061 sequentibus
946 2984 1062 3060 syllabis
1085 2983 1318 3059 coniungendae,

169 3095 324 3160 separatae
338 3084 482 3158 leguntur,
497 3093 528 3140 ut
546 3101 609 3139 uere
621 3082 725 3157 gelidos
748 3083 778 3138 in
792 3083 908 3140 doratlus
926 3084 1047 3156 protelo
1070 3083 1101 3138 in
1114 3087 1187 3139 tacta
1212 3083 1241 3138 in
1244 3081 1320 3158 suso

169 3185 202 3240 in
215 3182 352 3239 destinetis
385 3181 522 3256 infirmis
553 3182 582 3237 in
596 3186 700 3237 aurata
729 3187 792 3254 post
805 3181 855 3237 illa
888 3182 919 3237 in
933 3181 1063 3237 mandria
1093 3180 1123 3237 in
1136 3180 1244 3253 raptos
1265 3195 1319 3254 pro

170 3299 223 3337 uer
232 3279 347 3355 egeltilos
365 3279 511 3335 indomitus
524 3278 629 3352 protelo
642 3279 744 3335 anabola
758 3277 854 3355 infuso
868 3278 1034 3335 t'rtdt'slinclis
1047 3277 1172 3352 infirmis
1185 3278 1319 3334 inauralo

164 3378 281 3453 portella
296 3377 457 3433 inmundiore
472 3377 609 3451 sinapeos
626 3374 663 3434 cl.
677 3381 710 3432 ol
721 3376 823 3449 petertle'
838 3391 892 3450 pro
910 3375 1039 3449 aporos·
1062 3374 1201 3452 elsoiura
1220 3392 1273 3450 pro
1293 3394 1320 3431 ec

156 3475 267 3552 saluto
294 3477 327 3531 in
344 3474 542 3548 ambulaboque
562 3491 616 3549 pro
638 3473 874 3548 enanoulonoque.
917 3471 1060 3531 Codicem
1082 3473 1144 3548 ipse
1168 3471 1320 3546 diligenter

169 3572 298 3642 excussi,
313 3571 457 3645 quosdam
471 3569 553 3628 locos
567 3569 654 3627 etiam
668 3569 730 3641 bis;
751 3569 814 3636 alia,
828 3585 904 3644 quae
919 3568 1008 3627 dubia
1021 3569 1202 3644 reliqueram,
1216 3579 1321 3645 postea

169 3670 339 3744 relegerunt
352 3685 406 3742 pro
420 3685 467 3724 me
483 3665 517 3724 C.
528 3665 566 3722 D.
582 3663 718 3724 Cobham
732 3675 761 3724 et
775 3664 813 3724 G.
825 3664 862 3724 G.
878 3664 1051 3724 Markheim.

214 3811 241 3866 3.
271 3787 305 3847 0.
341 3789 558 3847 Canonicianus
588 3805 635 3861 30,
663 3806 742 3846 nunc
774 3788 805 3844 in
836 3786 1018 3847 Bibliotheca
1045 3785 1207 3846 Bodleiano
1241 3787 1321 3862 apud

170 3888 371 3957 Oxonienses,
384 3886 502 3945 exeunti
521 3903 597 3944 saec.
612 3885 686 3942 XIV
705 3885 875 3960 adsignatus
894 3886 932 3943 ab
951 3883 1083 3943 Henrico
1098 3883 1136 3944 Ο.
1148 3883 1241 3955 Coae,
1255 3887 1320 3944 uiro

169 3986 348 4064 peritissimo
364 3984 507 4042 codicum.
549 3981 794 4042 Membranaceus
811 3992 863 4052 est,
878 3983 1002 4058 scriptus
1019 3994 1056 4055 74
1071 3983 1186 4058 paginis
1201 4001 1237 4056 31
1255 4000 1320 4040 uer·

170 4103 268 4152 suum,
291 4083 347 4142 nisi
372 4082 453 4158 quod
477 4082 586 4158 pagina
609 4081 748 4139 uicesima
769 4091 875 4140 octaua
901 4083 937 4138 26
963 4089 1076 4138 annun
1101 4079 1196 4150 habet,
1220 4080 1320 4138 relicto

171 4183 269 4258 spatio
287 4181 417 4258 quinque
436 4197 583 4249 uersuum,
604 4189 672 4236 ante
694 4178 782 4238 Collis
806 4177 1005 4236 Obelliconiei.
1047 4177 1174 4236 Vltimae
1195 4177 1321 4252 paginae

205 4372 213 4400 ¹
232 4374 277 4420 iiic
293 4373 351 4420 aiter
368 4387 397 4418 ea
414 4371 464 4417 filiis
480 4371 523 4417 suit
540 4369 634 4418 Martini
650 4370 708 4418 della
724 4370 927 4430 &antennisque
943 4371 1093 4431 principatum
1105 4370 1211 4417 Veronae
1228 4379 1321 4416 mortuo

172 4457 242 4502 fratre
254 4455 319 4502 Cane
330 4453 420 4501 Grrndi
432 4453 461 4507 11,
473 4453 536 4499 anne
551 4460 703 4515 1359-1375.

716 4540 790 4606 *fa
