3136 5060
660 433 718 493 AD
745 433 853 493 LXVI.
1270 435 1330 491 ³³³

187 617 346 678 Phaenom.
362 621 419 690 146
436 623 524 676 Κόνων
536 621 551 675 ό
564 619 738 692 μαθηματικὸς
750 621 907 697 Πτολεραόω
923 621 1090 692 χαριζόμενος
1106 619 1239 692 Βιρονίκηο
1258 619 1326 673 πλό-

187 740 267 790 καρον
279 719 311 790 ἐξ
322 718 402 774 ahot
415 721 593 793 ιατηατίρισε.
621 722 699 775 τοῦτο
713 721 754 776 καὶ
767 719 936 790 Καλλίμαχός
948 739 1000 774 του
1012 719 1096 790 φηαλν

307 851 374 920 'lide
390 849 488 922 (codd.
503 848 580 923 'lldr')
596 849 684 907 Κόνων
696 849 723 918 ρ’
737 851 854 924 ἔβλεψεν
867 851 895 906 όν
908 848 962 923 τήόρι
975 850 1021 906 τὸν
1034 849 1169 922 Βερονίκην

349 951 501 1022 Βόστρυχον
513 947 567 1004 ὅντ’
580 949 630 1022 ἀρα
643 949 711 1019 κείνη
724 952 806 1004 τᾶαιν
817 948 891 1018 ἔθηκε
904 948 1014 1006 θεοῖσιν.

188 1093 218 1150 ὃν
231 1093 299 1166 κεθη
312 1099 395 1152 πᾶσιν
407 1097 481 1167 ἔθηκε
494 1097 562 1154 θεοῖς
575 1094 665 1172 uulgo
679 1104 709 1154 et
722 1095 765 1155 sic
779 1092 930 1172 Bergkius.
973 1093 1102 1154 Catullus
1115 1094 1157 1154 sic
1171 1092 1311 1170 expressit

310 1232 407 1293 Idem
428 1251 480 1293 me
502 1234 561 1293 ille
583 1233 707 1294 Conon
728 1235 873 1295 caelesti
893 1235 1034 1294 numine
1054 1234 1144 1293 uidit

351 1331 378 1390 E
399 1332 617 1392 Beronicaeo
637 1329 769 1393 uertice
790 1335 958 1393 cesariem

311 1429 517 1508 Fulgentem
538 1431 639 1503 clare,
661 1450 762 1509 quam
783 1432 900 1492 multis
921 1433 981 1491 illa
1001 1432 1141 1491 dearum

352 1529 460 1589 Leuis
479 1529 694 1607 protendens
715 1530 857 1590 brachia
877 1531 1037 1608 pollicita
1056 1540 1117 1592 est

191 1675 277 1735 Vnde
292 1674 472 1736 Scholiasten
492 1676 580 1737 credo
600 1677 764 1753 fragmenta
781 1679 812 1738 in
826 1697 917 1738 unum
932 1678 1114 1756 congessisse
1128 1687 1252 1754 quatuor
1265 1694 1330 1735 uer·

190 1792 283 1834 suum.
327 1775 486 1852 Scripserat
500 1774 695 1836 Callimachus
708 1775 766 1836 hoc
780 1777 872 1838 modo

353 1908 397 1979 (1)
432 1908 499 1978 Τῇότ
514 1911 602 1964 Κόνων
613 1909 640 1980 μ’
653 1909 770 1983 ἔβλαψεν
782 1909 811 1965 όν
823 1907 879 1982 ἠέρι
891 1909 938 1966 τὸν
951 1909 1085 1984 Βερονίκηε

354 2013 399 2086 (2)
435 2012 587 2086 Βδστονιον

355 2121 401 2200 (ι)
840 2120 968 2194 ουτοι
981 2120 1049 2191 που

355 2227 401 2299 (4)
789 2228 1047 2298 emmennone.

233 2372 312 2433 Nam
339 2383 409 2452 post
432 2376 585 2447 Βόοτροχον
610 2373 780 2434 exciderunt
806 2373 947 2433 nonnulla
973 2391 1049 2450 quae
1076 2371 1245 2433 Catullianis
1271 2371 1333 2433 istis

194 2473 315 2536 Caelesti
323 2475 433 2532 numriu
445 2471 607 2548 Fulgmtem
620 2473 697 2531 clare
710 2475 751 2548 (8,
763 2475 794 2549 9)
808 2473 1026 2549 responderent.

234 2593 279 2666 (a)
302 2589 397 2667 Etym.
411 2588 454 2649 M.
470 2605 493 2648 s·
507 2607 536 2648 u.
558 2591 695 2662 θηλορόυν.
736 2587 843 2664 Εἴρηται
859 2590 911 2664 γὰρ
929 2591 971 2645 καλ
991 2590 1107 2660 θηλυκῶς
1126 2587 1189 2661 κάρη
1210 2586 1246 2645 ὣς
1263 2589 1334 2660 παρὰ

193 2691 355 2765 msulae

435 2786 486 2858 σήν
502 2785 601 2860 (codd.
616 2787 658 2859 ἦν)
673 2809 702 2842 τε
715 2787 794 2860 κάρην
807 2785 900 2859 ἀροαα
913 2789 962 2842 τόν
975 2808 1004 2841 τε
1016 2783 1085 2853 βίον.

234 2907 365 2968 Catullus
381 2909 445 2982 (40)
476 2907 599 2968 adiuro
619 2918 722 2986 teque
743 2917 908 2986 tuumque
929 2918 1039 2986 caput.

236 3052 281 3126 (3)
304 3048 401 3110 Schol.
420 3049 559 3127 apollon.
578 3049 687 3110 Rhodii
706 3049 729 3108 Ι.
748 3069 824 3127 1313
849 3053 968 3117 Κολυβιε
994 3052 1068 3108 θθυοε
1091 3046 1205 3115 Σκυθίας,
1229 3047 1296 3106 ὅπου
1319 3049 1334 3103 ό

195 3151 302 3224 σι’όηροι
322 3150 430 3224 γίνεται.
482 3150 659 3224 Καλλίμαχοι·
684 3149 812 3218 Χαλύβων
836 3151 870 3208 ὥς
891 3150 1017 3206 ἀπόλοιτο
1037 3149 1120 3224 γε’νοο.
1161 3147 1204 3206 Id.
1220 3146 1260 3205 II.
1276 3159 1335 3221 375

191 3246 339 3318 ἐκλήθησαν
360 3248 389 3303 δι’
409 3249 530 3316 Χάλυβες
549 3249 601 3305 ἀπὸ
622 3251 744 3316 Χάλυβος
764 3252 811 3305 τοῦ
826 3248 926 3323 'Apros
947 3250 1013 3304 υόοῦ·
1044 3247 1168 3320 ρι’ρνηταε
1189 3248 1273 3302 αὐτῶν
1294 3246 1336 3302 καλ

195 3347 371 3418 Καλλίμαχοι.

638 3443 767 3513 Χαλύβων
780 3445 816 3504 ἀοι·
827 3445 953 3502 ἀπόλοιτο
966 3443 1042 3519 γε’νοι

398 3543 500 3599 Γειόβεν
512 3543 670 3600 ἀντέλλοντα
683 3547 759 3601 κακὸν
771 3547 856 3618 φυτὸν
869 3542 897 3600 οἵ
907 3567 952 3616 μιν
965 3546 1070 3616 ἔφηναν.

195 3671 326 3734 Catullus
342 3671 406 3753 (48)
438 3673 604 3751 luppiter,
625 3685 661 3735 ut
681 3675 873 3752 Chalybum
894 3693 993 3735 omne
1014 3692 1126 3752 genus
1146 3681 1265 3751 pereat

398 3773 440 3831 Et
461 3775 518 3850 qui
539 3775 713 3852 principio
734 3776 797 3834 snb
817 3784 910 3834 terra
930 3792 1097 3852 quaerere
1118 3791 1225 3832 uenas

439 3870 575 3932 Institit
595 3891 633 3932 ac
654 3872 737 3933 ferri
758 3874 931 3950 stringere
952 3873 1123 3933 duritiem.

197 4004 284 4064 Vnde
298 4023 316 4064 a
329 4005 474 4083 plerisque
487 4005 681 4066 Callimachus
696 4007 737 4067 sic
751 4007 901 4085 scripsisse
915 4006 1040 4067 creditur

399 4135 448 4188 Ζεῦ
460 4133 553 4207 πάτερ,
567 4133 602 4191 ὧι·
614 4130 742 4198 Χαλύβων
753 4135 806 4188 πᾶν
818 4132 943 4188 ἀπόλοιτο
955 4132 1039 4206 γένος.

238 4269 284 4329 Ex
306 4270 352 4330 his
377 4271 468 4330 tnhus
490 4271 658 4348 fragmentis
682 4271 795 4332 uidetur
818 4269 947 4331 Catullus
970 4271 1087 4330 liberius
1109 4268 1228 4347 quidem
1250 4268 1338 4330 Calli-

197 4367 335 4428 machum
356 4371 533 4448 expressisse
553 4371 593 4429 ita
614 4380 712 4430 tamen
732 4379 764 4429 ut
784 4370 954 4448 plemmque
976 4369 1102 4429 eundem
1122 4386 1259 4427 uersuum
1279 4387 1338 4428 ser-

197 4476 279 4527 uaret
303 4484 465 4529 numerum.
507 4467 623 4530 Incerta
647 4480 714 4530 sunt
738 4487 813 4547 quae
838 4487 916 4528 nunc
941 4467 1061 4528 subicio.
1102 4466 1199 4547 Etym.
1213 4465 1256 4527 M.
1271 4485 1295 4528 s.
1309 4484 1338 4526 u.
