3118 5054
219 397 286 454 xxiv
613 395 969 458 PROLEGOMENA.

220 581 289 641 ideo
304 579 373 638 milti
392 597 453 640 non
467 597 504 639 ex
518 581 599 638 omni
618 589 700 657 parte
719 599 788 641 uera
800 581 914 640 uidetur
930 581 1011 658 quod
1030 581 1134 641 necin
1153 579 1262 659 reliqua
1282 591 1365 658 parte

221 680 285 738 Iibn'
300 678 453 738 Catulliani
471 679 626 757 quicquam
640 681 766 756 expedit,
781 697 836 739 nec
855 681 885 738 in
904 681 948 740 his
966 681 1037 758 ipsis
1053 681 1230 740 carminibus
1250 693 1366 758 praeter

221 779 383 838 carminum
400 777 728 837 Lxxxvn-Lxxv
743 778 974 839 disiunctionem.
1015 778 1086 838 Non
1107 780 1185 838 enim
1205 781 1245 838 ita
1264 789 1363 840 osten-

222 877 298 936 ditur
311 875 462 953 quomodo
476 876 643 935 LXXXIV.
660 895 686 950 3,
702 897 720 949 4
734 875 778 935 Et
791 882 849 934 tum
865 877 1095 954 mr'rzficc-Cm
1109 884 1240 954 quantum
1256 883 1367 953 potera!

222 994 259 1034 ex
284 975 350 1035 loco
375 993 429 1035 suo
450 976 522 1035 moti
546 994 624 1036 nunc
648 986 716 1051 post
738 974 906 1034 LXXXIV.
920 995 957 1035 10
976 985 1052 1035 stent
1074 977 1105 1034 in
1127 977 1287 1048 codicibus,
1308 995 1363 1036 nec

220 1074 371 1152 quomodo
395 1093 496 1134 uersus
521 1072 579 1134 Sed
603 1093 675 1132 manc
699 1074 730 1132 id
751 1074 942 1152 doleo—sama
969 1076 1093 1150 hquelur
1114 1093 1186 1133 anus
1210 1076 1240 1133 in
1264 1074 1362 1134 locum

221 1173 346 1231 alienum
366 1181 434 1250 post
450 1171 620 1231 LXXVIII.
635 1173 654 1230 6
673 1171 753 1230 inlati
770 1171 882 1245 fuerint,
897 1191 952 1232 nec
971 1173 1122 1250 quomodo
1143 1172 1235 1233 XCV.
1252 1195 1270 1245 4
1284 1173 1363 1233 exci-

222 1271 302 1331 den't
344 1271 382 1330 Et
408 1281 439 1330 ut
467 1270 628 1330 concedam
655 1271 754 1331 titulos
781 1272 811 1330 ln
838 1272 898 1331 Ima
924 1274 1032 1350 pagina
1055 1287 1125 1332 casu
1150 1289 1363 1349 nonnunquam

221 1373 346 1431 omIssos
371 1371 467 1442 luisse,
492 1372 625 1430 consulto
649 1371 689 1430 ibi
713 1390 828 1449 semper
852 1373 1071 1448 praetermissos
1096 1391 1158 1432 non
1182 1372 1362 1431 crediderim.

223 1471 282 1531 Sed
306 1483 405 1531 tamen
432 1489 507 1550 quae
531 1472 590 1531 duo
618 1481 685 1531 sunt
713 1473 871 1531 rationibus
896 1472 1013 1549 Bergkii
1037 1472 1170 1532 Boehmii
1190 1473 1362 1550 Westphalii

220 1571 397 1641 communia,
413 1567 458 1649 (r)
473 1569 554 1646 quod
566 1588 684 1630 uersum
697 1568 784 1629 Nunc
789 1577 934 1646 petrusim,
950 1572 1062 1629 uerbum
1076 1591 1130 1628 non
1137 1571 1232 1649 sacti!
1239 1579 1363 1646 patnarr

222 1669 354 1728 ultimum
368 1667 475 1728 iaciunt
488 1668 613 1746 paginae
627 1665 673 1746 (a)
687 1668 768 1745 quod
781 1668 964 1728 LXXXVII.
981 1688 998 1741 4
1017 1689 1035 1728 a
1050 1668 1171 1728 LXXV.
1187 1688 1199 1727 r
1217 1671 1362 1729 abscissus

221 1787 259 1827 ex
273 1768 453 1844 transpositis
466 1767 581 1826 duobus
596 1766 671 1826 loliis
685 1767 852 1844 explicatur,
864 1767 936 1826 haec
950 1768 1021 1827 tanti
1036 1778 1103 1826 sunt
1115 1779 1148 1827 ut
1161 1768 1282 1827 libenter
1293 1787 1361 1827 curu

219 1868 331 1927 ratione
345 1885 381 1926 ea
394 1884 555 1942 congruere
568 1866 684 1926 uideam
698 1883 773 1943 quae
787 1867 817 1924 iu
831 1866 940 1944 reliqua
953 1877 1035 1945 parte
1049 1867 1209 1926 carminum
1219 1867 1280 1926 ueri
1291 1866 1362 1925 mihi

220 1966 335 2026 uidetur
348 1965 474 2025 similior.

263 2064 365 2123 Restat
383 2063 483 2140 opinio
496 2061 663 2132 Froebneri‚
678 2061 876 2121 existumantis
892 2080 928 2136 32
945 2079 1046 2122 uersus
1065 2063 1095 2121 in
1114 2071 1235 2139 utraque
1253 2064 1362 2140 pagina

221 2160 369 2239 archetypi
387 2161 484 2230 luisse,
498 2158 553 2219 hos
567 2168 664 2218 autem
679 2159 802 2237 scriptos
816 2158 929 2218 duabus
944 2159 1086 2221 columnis
1103 2178 1240 2220 uersuum
1258 2179 1361 2220 senum

222 2263 339 2322 denum.
367 2258 463 2317 Etiam
477 2258 547 2316 illud
559 2258 671 2334 prImus
684 2257 839 2333 perspexit,
852 2257 950 2316 titulos
965 2258 1160 2318 numerandos
1174 2275 1247 2318 esse.
1277 2258 1362 2319 Haec

221 2375 292 2416 uera
312 2374 377 2415 esse
398 2366 427 2415 et
447 2353 536 2414 credo
556 2362 585 2412 et
606 2354 805 2412 demonstrare
827 2371 875 2412 me
899 2372 987 2431 posse
1011 2356 1140 2415 arbitror.
1190 2355 1259 2414 Dixi
1279 2357 1362 2416 initio

222 2457 457 2533 Prolegomenon
477 2452 519 2532 (p.
538 2451 566 2531 1)
588 2453 619 2511 in
637 2452 800 2512 Thuanaeo
821 2453 922 2512 codice
943 2463 1041 2514 extare
1061 2455 1184 2531 uestigia
1202 2455 1280 2514 unde
1301 2455 1362 2514 col-

221 2557 356 2634 ligeretur
377 2572 401 2613 c.
417 2553 504 2612 LXII
524 2571 560 2611 ex
582 2551 696 2630 paginis
714 2551 761 2610 uel
781 2551 924 2612 columnis
945 2552 1121 2630 descriptum
1142 2553 1229 2613 luisse
1247 2556 1282 2612 16
1296 2573 1362 2613 uer-

221 2673 316 2727 suum,
338 2655 473 2730 idemque
494 2651 658 2712 confirrnari
680 2651 829 2710 codicibus
849 2651 966 2710 Datano
987 2671 1022 2711 ac
1044 2651 1296 2730 Sangermanensi,
1311 2653 1362 2712 ubi

221 2754 357 2815 carminis
377 2750 464 2811 LXII
486 2751 572 2827 aliqui
592 2767 693 2809 uersus
712 2749 824 2808 eisdem
844 2747 903 2808 iere
924 2750 961 2808 de
980 2751 1075 2810 causis
1095 2751 1195 2809 omissi
1216 2759 1302 2827 atque
1323 2750 1362 2809 illi

221 2855 268 2914 alii
289 2855 319 2912 in
339 2851 502 2910 Thuanaeo
523 2849 696 2908 uiderentur.
743 2846 834 2920 Quod
855 2857 934 2924 patet
954 2848 1041 2907 etiam
1061 2849 1153 2908 latius.
1195 2848 1274 2908 Nam
1294 2859 1362 2926 post

221 2951 329 3010 LXIV.
346 2963 403 3025 355
422 2946 608 3024 Troricgermm
628 2947 726 3024 rirs‘csto
739 2952 918 3021 prosternens
935 2955 1050 3022 corpora
1059 2946 1149 3023 ferro
1166 2965 1242 3005 unus
1260 2965 1362 3007 uersus

221 3049 372 3121 intercidit,
386 3057 418 3106 ut
439 3056 525 3106 etex
545 3046 628 3104 metri
649 3046 713 3121 lege
734 3055 854 3121 apparet
876 3054 904 3103 et
925 3045 1082 3117 senteutia;
1104 3045 1182 3104 hunc
1201 3045 1225 3103 si
1247 3054 1362 3104 sextum

223 3149 369 3209 decimum
389 3146 512 3205 facimus
532 3144 666 3223 pagiuae,
687 3161 762 3220 quae
783 3152 920 3202 secuntur
939 3153 1036 3202 autem
1056 3144 1086 3201 In
1107 3143 1230 3220 paginas
1248 3145 1283 3200 16
1297 3161 1362 3202 uer-

220 3265 307 3307 suum
321 3245 425 3323 pariter
439 3242 642 3313 distribuimus,
653 3259 755 3301 uersus
769 3241 815 3300 ille
829 3251 897 3319 post
912 3243 970 3317 386
984 3241 1172 3318 interpolatus
1182 3241 1363 3318 &medior

221 3352 314 3404 tenera
328 3346 376 3401 cui
378 3344 498 3419 pendens
511 3341 600 3399 sr'cula
614 3340 672 3398 beta
686 3340 795 3416 primus
809 3339 841 3397 fit
859 3339 992 3416 paginae,
1006 3358 1065 3417 quo
1080 3339 1162 3398 facile
1176 3358 1213 3397 ex
1226 3340 1292 3398 loco
1307 3357 1362 3400 suo

221 3442 368 3502 transferri
381 3442 483 3518 potuit,
495 3457 564 3498 mox
579 3437 670 3498 LXV.
684 3441 702 3496 8
713 3437 849 3514 Ereptum
863 3441 965 3497 nostrii
978 3439 1073 3497 obtera't
1083 3457 1121 3497 ex
1134 3439 1219 3498 ouda
1232 3438 1363 3515 quintus·

222 3541 353 3601 decimus
367 3549 411 3599 est
425 3539 497 3598 alius
510 3537 643 3614 paginae,
656 3536 756 3596 locum
770 3537 843 3596 sexti
856 3537 963 3596 decimi
976 3537 1087 3596 obtinet
1096 3537 1237 3612 Alloquor
1249 3537 1363 3594 audiero

223 3659 362 3716 mtnquam
375 3646 424 3696 tua
491 3637 645 3713 loquentem,
661 3637 722 3694 siue
739 3635 855 3694 mutilus
874 3637 898 3694 is
917 3645 961 3694 est
980 3637 1041 3695 siue
1056 3635 1261 3712 supposititius,
1274 3653 1363 3694 uerus

223 3742 302 3800 euim
323 3757 425 3798 uersus
447 3736 557 3796 facilius
581 3736 611 3794 in
632 3735 688 3794 hac
713 3735 782 3794 sede
807 3736 950 3812 periturus
974 3745 1043 3794 erat.
1093 3733 1196 3812 Itaque
1219 3734 1362 3794 habemus

221 3858 341 3900 causam
365 3858 416 3898 cur
440 3837 499 3897 duo
523 3855 625 3896 uersus
649 3836 816 3908 exciderint,
842 3837 942 3895 tertius
966 3853 1003 3895 ex
1030 3835 1097 3896 loco
1126 3853 1180 3896 suo
1208 3837 1362 3896 translatus

222 3939 314 4010 fuerit,
344 3938 368 3997 si
397 3936 502 3997 Catulli
536 3935 715 4012 archetypon
749 3934 787 3994 ad
818 3934 895 3994 hunc
926 3953 1079 3994 numerum
1110 3937 1145 3994 16
1181 3953 1361 3994 reuocamus.

223 4037 315 4111 Quod
328 4036 415 4094 etiam
428 4035 608 4094 manifestius
623 4033 716 4093 elucet
729 4033 760 4092 in
773 4051 798 4091 c.
813 4033 893 4092 LXI.
934 4033 980 4092 Ibi
1001 4033 1079 4092 enim
1099 4043 1167 4110 post
1187 4053 1215 4092 u.
1231 4052 1268 4108 49
1291 4032 1361 4093 Cae-

220 4137 300 4196 litum
317 4132 496 4205 olumnam
515 4133 611 4208 hymn
631 4131 759 4209 sequitur
779 4131 809 4190 in
829 4131 974 4210 plerisque
994 4132 1144 4191 codicibus
1164 4131 1363 4208 Compararier

221 4236 304 4305 aurei,
318 4232 368 4310 qui
390 4241 458 4308 post
475 4235 510 4290 16
535 4249 636 4292 uersus
659 4231 762 4290 iterum
784 4231 814 4289 in
837 4249 890 4290 sua
912 4231 981 4290 sede
1003 4231 1114 4309 positus
1137 4241 1189 4291 est.
1232 4229 1301 4290 Hoc
1323 4229 1363 4289 ita

223 4333 355 4394 euerdsse
370 4330 465 4392 credo.

1516 4560 1532 5022 l
