3136 5060
259 401 317 456 ³12
721 399 933 460 EXCVRSVS

257 583 402 643 clamitare
423 583 471 642 uix
494 583 595 642 Latine
617 583 674 642 dici
698 583 820 642 uidetur.
871 582 1050 659 Quanquam
1074 583 1153 641 enim
1177 583 1318 640 oscitatus
1342 591 1402 640 tam

257 681 379 741 leramm
402 699 491 759 quam
513 681 667 741 hominurn
691 693 736 741 est
758 681 868 755 (Gloss
891 681 962 739 Ball.
985 699 1008 740 s.
1023 700 1052 740 u.
1076 681 1200 752 Rictus)‚
1224 699 1281 739 nec
1303 681 1403 738 locum

257 781 326 838 noui
341 780 390 839 ubi
403 797 474 840 aues
487 780 545 840 hoc
560 799 648 840 sensu
662 781 785 840 oscitare
799 779 931 838 dicuntur
945 789 974 838 et
987 781 1077 856 ipsius
1094 779 1230 838 uocabuli
1242 797 1315 838 usus
1330 779 1403 837 alius

257 889 308 936 est
351 875 484 938 Oscitare
504 879 583 938 enirn
601 878 666 938 lue.
686 896 722 938 os
738 879 848 956 aperire
866 879 947 954 quod
968 879 987 935 ii
1007 877 1117 936 iaciunt
1138 877 1188 954 qui
1208 877 1332 951 segnitie
1355 875 1403 934 uel

257 977 354 1036 taedio
367 976 414 1036 uel
427 995 535 1037 somno
548 977 703 1036 uincuntur
718 978 769 1051 (de
782 995 833 1036 ore
847 977 947 1054 patulo
961 977 1062 1052 capitis
1081 976 1187 1034 abscisi
1201 975 1273 1034 dixit
1287 973 1404 1032 Ennius

257 1075 335 1134 Ann.
351 1077 423 1148 462)
438 1076 477 1135 ad
495 1093 549 1135 eos
568 1075 735 1136 transfertur
751 1077 801 1153 qui
818 1075 926 1152 aliquid
947 1087 1037 1150 agunt
1057 1075 1247 1150 neglegenter
1267 1085 1297 1132 et
1317 1074 1403 1149 quasi

256 1177 430 1246 χασμώμυοι
473 1172 573 1233 Priore
593 1191 680 1232 sensu
701 1173 846 1232 inuenitur
867 1173 945 1248 apud
963 1171 1111 1242 Comieos‚
1132 1172 1222 1230 ueluti
1240 1169 1403 1230 Caecilium

260 1285 316 1346 σγα
339 1267 453 1348 (Ribb).
475 1267 671 1346 sequererne:
693 1273 779 1345 praei
796 1269 885 1327 hercle
904 1276 934 1326 tu
955 1272 1007 1345 qui
1024 1272 1066 1327 rm'
1083 1271 1210 1329 oscitans
1229 1267 1404 1342 Hr'etertsqrre

257 1375 347 1427 restas
360 1367 522 1444 Turpilium
541 1383 575 1442 ¹5
592 1367 705 1442 (Ribb.)
724 1367 831 1426 Te'rrrere
842 1371 917 1443 coepi
926 1375 952 1426 et
963 1368 1099 1426 mindam
1118 1368 1264 1426 oscitarier
1278 1365 1402 1441 Ineptus,

257 1467 328 1541 quid
344 1467 386 1524 nri
402 1467 495 1524 uellem
516 1485 554 1524 ex
575 1467 718 1524 riesolentrir
732 1465 888 1536 Nereidum,
911 1473 961 1526 ‘to
979 1485 1063 1544 yawn
1082 1465 1139 1525 like
1153 1485 1171 1525 a
1184 1465 1262 1536 lool‚’
1277 1466 1315 1524 rlr.
1334 1480 1402 1539 153.

259 1561 322 1641 Ego
336 1564 509 1639 praestolato
529 1565 719 1623 decantans
739 1567 915 1623 amoeniam
933 1565 1017 1623 ‘with
1030 1584 1080 1640 my
1094 1564 1195 1624 mouth
1208 1565 1321 1641 agape!
1366 1564 1403 1622 In

258 1661 304 1816 llis
325 1663 397 1722 locis
417 1662 555 1722 omnibus
575 1663 675 1722 subest
696 1663 777 1722 notio
798 1663 942 1739 quaedam
964 1664 1107 1722 stultitiae.
1130 1661 1221 1722 Plaut
1244 1661 1401 1722 Menaeeh.

289 1779 339 1820 .a.
356 1773 403 1836 79.

301 1907 382 1968 lllen.
402 1906 464 1966 Hei
474 1907 546 1966 ποῖαί
556 1909 683 1966 ι’σοαητσι
695 1927 736 1965 me
749 1909 837 1978 acient,
852 1909 926 1966 ultro
938 1927 1017 1984 quom
1031 1911 1089 1984 ἱροί
1100 1910 1249 1967 aasumensi.

301 2005 373 2065 Mat.
402 2004 627 2082 tharrdr'cularrs
641 2007 787 2066 oscitatur.
832 2006 911 2079 Quid
920 2007 1110 2086 nmecsacr'am
1123 2010 1276 2083 mipcter?

259 2154 321 2215 Cic.
336 2174 391 2234 pro
404 2155 465 2214 Mil.
480 2161 495 2227 i
512 2159 549 2230 56
571 2155 651 2214 Adde
670 2158 808 2216 ιἠοαῚιοσι
820 2158 929 2232 prenn'
936 2160 999 2233 poti
1013 2157 1161 2218 oscitantis
1179 2157 1276 2215 duae·
1297 2155 1403 2233 fragm.

259 2263 330 2313 orat.
345 2271 399 2330 pro
413 2253 451 2326 Q.
466 2253 563 2314 Gallio
581 2255 721 2314 Hesterna
737 2257 873 2331 potonem
892 2256 1049 2326 oscitantis,
1064 2255 1103 2315 ad
1115 2254 1246 2315 Herenn.
1261 2255 1314 2313 lV.
1330 2255 1345 2330 i
1361 2275 1401 2330 ⁴9

261 2351 333 2413 Curi
346 2355 427 2412 enirm
440 2355 558 2412 maceres
570 2354 737 2412 calanrr'tater
747 2355 896 2430 inpendere
907 2354 1068 2425 uideantur,
1080 2355 1175 2413 sedetr's
1187 2361 1214 2412 et
1227 2355 1402 2414 oscitamini.

260 2449 544 2526 Lucret111.1o65
570 2449 682 2511 Oscitat
708 2451 842 2527 extemplo
868 2453 957 2528 lenge?
982 2471 1043 2510 cum
1066 2452 1163 2510 lentim
1184 2451 1277 2508 milae.
1313 2449 1402 2509 Mart.

260 2547 299 2606 ll.
315 2550 342 2607 6.
355 2567 413 2622 3‚4
431 2547 542 2624 Spectas
561 2550 769 2620 erchanollnn,
789 2547 896 2621 Seuere,
913 2549 957 2607 Er
974 2551 1072 2628 [erigas
1091 2551 1183 2608 tratri
1203 2550 1401 2620 oscitationes,

260 2645 313 2704 VI.
328 2648 376 2705 61.
392 2665 410 2720 3
424 2646 496 2706 Ecce
507 2647 586 2706 rude!
596 2648 707 2724 putidam
723 2649 810 2723 pallet
827 2654 915 2723 stupet
928 2649 1033 2707 oscitat
1045 2649 1109 2719 odit,
1123 2647 1178 2707 Xl.
1193 2650 1241 2723 98.
1259 2666 1292 2707 ar
1311 2646 1404 2706 Dabit

259 2745 395 2804 oscitanti
411 2745 517 2804 basem
533 2750 692 2822 natamr'que
704 2745 795 2805 Dabit
812 2753 839 2805 et
855 2750 970 2806 cacanlr'.
1011 2749 1048 2806 A.
1063 2747 1174 2807 Gellius
1187 2746 1225 2806 N.
1240 2749 1277 2805 A.
1292 2746 1346 2806 IV.
1363 2765 1403 2806 ao

260 2838 299 2898 In
319 2845 381 2900 iure
400 2849 478 2900 stans
496 2844 573 2902 clare
593 2847 675 2904 minei
695 2851 721 2902 et
736 2863 831 2904 sonore
848 2847 981 2905 oscitauit
1002 2853 1081 2922 atque
1101 2846 1173 2904 herli
1189 2852 1223 2904 u!
1234 2845 1404 2922 plecteretur

249 2939 324 3016 seed,
344 2945 476 3016 tanquam
495 2941 570 3000 illud
590 2943 721 3001 cadmiam
741 2950 808 3002 esset
829 2947 902 3020 uagi
918 2946 1010 3003 aneni
1026 2952 1053 3003 et
1072 2945 1236 3004 ulmeam
1257 2950 1284 3001 et
1293 2944 1403 3020 fluxae

259 3044 339 3113 atque
357 3046 465 3114 operm
480 3043 643 3112 sauream,
662 3042 740 3102 unde
760 3043 869 3118 optime
888 3043 1042 3103 illustratru
1058 3042 1138 3120 quod
1156 3042 1226 3102 dicit
1244 3041 1402 3101 Terentius

260 3135 351 3196 Andr.
366 3136 390 3196 1.
407 3157 432 3196 a.
450 3157 487 3198 ao
515 3135 662 3214 sperantes
689 3142 745 3199 eitra
772 3147 859 3199 amoto
882 3147 953 3198 metu
977 3142 1080 3198 rmerea
1104 3139 1260 3200 oscitantes
1283 3141 1405 3214 ορρηαιί

259 3235 323 3295 h.e.
338 3253 465 3296 securos.

302 3335 382 3395 Hinc
405 3346 525 3413 apparet
548 3337 705 3398 oscitantes
728 3355 789 3396 non
811 3355 899 3415 posse
923 3338 1001 3397 idem
1024 3339 1190 3416 essequod
1210 3336 1399 3398 clamitantes

261 3431 332 3492 Non
345 3443 443 3493 tamen
458 3435 565 3494 idcirco
578 3437 745 3512 negauerim
760 3436 797 3495 de
810 3437 913 3495 auibus
926 3436 957 3496 id
969 3435 1017 3496 hic
1031 3437 1172 3513 usurpari.
1213 3435 1307 3495 Hiant
1320 3437 1400 3494 enim

261 3532 376 3609 saepius
403 3551 481 3604 aues,
508 3535 662 3610 praecipue
689 3535 720 3592 in
748 3551 836 3611 opere
864 3535 1008 3595 Venerco.
1067 3534 1142 3594 Plin.
1163 3533 1204 3594 H.
1227 3534 1264 3594 N.
1286 3534 1324 3592 X.
1342 3554 1398 3594 roa

249 3729 377 3804 feminae
398 3731 543 3804 (pndzim)
564 3749 639 3789 mera
658 3731 695 3789 ab
714 3732 759 3790 his
771 3731 863 3808 stane
876 3740 1060 3809 praegnantes
1075 3733 1163 3809 fiunt,
1183 3733 1290 3791 hiemes
1310 3739 1401 3790 aedem

260 3833 373 3886 exserta
394 3829 492 3905 le'rtgrea
515 3839 567 3904 per
594 3830 627 3887 e'd
649 3836 752 3906 empus
778 3837 909 3890 uestram,
952 3832 1099 3909 Aristoph.
1122 3831 1218 3908 Equit.
1236 3833 1295 3907 956
1319 3835 1401 3902 λάρος

260 3927 371 3997 κεχηνὸς
405 3925 447 3982 e’rrl
476 3930 572 4002 πέτρας
598 3929 750 4002 δημηγορῶν
776 3927 881 3987 Eubul.
909 3947 955 4006 ap.
985 3929 1112 3989 Melnclt.
1142 3929 1257 4005 Fragm.
1286 3927 1401 3988 Comic-

261 4019 364 4082 Graec.
379 4021 434 4082 Ill.
452 4026 510 4083 260
530 4029 597 4099 χῆνα
617 4027 805 4101 πλατυγίζοντα
820 4031 1007 4102 καὶκεχηνότα.
1048 4028 1253 4106 Ephippuslb.
1268 4026 1323 4085 Ill.
1340 4030 1400 4102 326

259 4118 387 4190 e'pe'lpw
403 4122 462 4192 οὐχὶ
476 4125 645 4194 συμπιέσασα
658 4127 688 4180 τὸ
702 4128 787 4194 στόμα
804 4119 808 4206 l
824 4129 913 4200 ὥσπερ
926 4128 1216 4198 solemnissimus
1229 4124 1378 4199 προσθίοις
1394 4123 1398 4196 Ι

258 4215 382 4285 χαυνοῦσ’
399 4219 500 4292 ὁμοίως,
522 4219 558 4280 cs.
582 4221 828 4299 Aristophaneum
850 4223 1017 4300 Aristyllum
1039 4224 1067 4284 ὃς
1091 4225 1124 4280 δι’
1149 4226 1336 4298 αἰσχρουργίας
1360 4226 1402 4282 ἀεὶ

260 4313 380 4384 crepion.
422 4315 594 4394 Largiamur
617 4321 703 4397 igitur
732 4323 924 4381 oscitantes
951 4323 989 4380 ad
1013 4341 1082 4382 aues
1110 4322 1167 4382 hoc
1191 4340 1280 4380 sensu
1301 4320 1401 4382 referri

259 4426 355 4485 posse.
399 4411 499 4474 Restat
512 4424 545 4476 ut
558 4417 655 4492 priora
673 4417 720 4479 illa
741 4419 864 4480 mulier
885 4437 966 4480 aues
987 4421 1058 4498 quid
1071 4420 1159 4480 uelint
1173 4419 1400 4480 consideremus.
