3074 5066
503 413 731 474 CARMINVM
756 415 947 474 cmm.
1244 419 1303 473 229

140 627 143 632 ·
190 594 308 653 Dixerit
321 594 369 654 hic
382 595 495 671 aliquis,
508 595 652 653 euismodi
665 600 815 668 πριιιιοῐς
835 595 933 654 locum
949 597 1061 654 undu
1078 596 1148 656 dari
1163 596 1305 672 quamdiu

147 694 285 752 carmina
306 711 373 750 cum
394 694 506 750 musica
525 694 691 750 necessario
713 694 944 768 coniungantur;
972 712 1040 752 cum
1063 694 1119 768 legi
1144 697 1303 769 coeperint,

147 809 215 848 rem
245 809 313 848 cum
340 791 514 848 necessitate
541 791 643 865 perire.
696 789 755 848 Sed
778 809 840 848 nou
862 803 922 847 tam
945 792 1014 848 artis
1035 792 1164 848 terminis
1185 792 1303 849 desiun-

147 899 263 963 guntur
284 889 431 959 carmina3
459 899 748 964 nametpostquam
769 890 1302 964 cunrmusioeneoessarioooniungi

148 986 310 1054 desierunt,
326 1003 539 1060 nonnunquam
556 986 817 1044 accommodantur
834 988 972 1054 arrisisse,
987 988 1011 1044 si
1028 989 1147 1062 quidem
1162 987 1304 1046 Horatius

148 1085 270 1160 scripsit
283 1083 404 1158 quidem
424 1084 498 1142 odas
517 1093 549 1142 ttt
562 1084 727 1159 legerentur
746 1083 941 1159 potissimum,
955 1103 1017 1142 nou
1037 1099 1069 1141 ut
1080 1099 1261 1153 canerentur,
1274 1099 1303 1142 et

147 1193 253 1241 tamen
275 1183 313 1239 ad
327 1182 417 1256 lyram
439 1191 569 1240 cantatas
583 1181 672 1240 luisse
691 1183 752 1239 iure
772 1184 948 1257 sumpseris;
968 1195 997 1240 et
1011 1182 1142 1240 Catulhrs
1156 1183 1303 1258 Epithala-

149 1282 214 1338 mia
228 1298 281 1337 sua
295 1297 357 1337 non
370 1279 486 1336 uidetur
500 1297 518 1336 a
531 1279 627 1337 modis
642 1279 824 1346 dissotiasse,
839 1296 1008 1355 quanquam
1022 1281 1159 1356 pleraque
1173 1283 1303 1338 carmina

148 1377 318 1452 legentibus
332 1376 537 1433 tantummodo
551 1375 738 1434 commendat
753 1373 888 1450 (Xllffin
903 1389 932 1434 et
944 1379 1032 1435 etiam
1048 1381 1071 1434 si
1086 1379 1192 1436 modos
1206 1391 1303 1436 sustu-
1319 1446 1322 1452 ¹

149 1475 229 1542 leris,
244 1492 306 1531 non
321 1475 461 1532 continuo
471 1473 555 1532 tollas
569 1474 750 1532 diuisionem
792 1473 890 1532 Immo
904 1493 1030 1549 augeas:
1051 1495 1121 1532 nam
1135 1495 1195 1551 quo
1209 1477 1304 1551 magis

149 1573 291 1648 legtmtur
315 1574 454 1642 carmina,
477 1572 534 1630 hoc
556 1573 651 1648 magis
676 1573 749 1630 liunt
769 1573 940 1641 artificiosa;
971 1575 1079 1632 artificii
1104 1587 1202 1632 autem
1224 1577 1305 1633 bona

150 1689 223 1746 pars
244 1671 275 1727 in
295 1670 353 1728 hoc
367 1671 433 1746 ipso
447 1671 541 1745 posita
559 1681 603 1728 est
617 1681 657 1740 ut,
672 1671 921 1747 quemadmodum
938 1673 968 1728 in
982 1673 1148 1747 eloquentia
1168 1691 1229 1730 non
1243 1685 1305 1730 tota

151 1768 251 1826 solum
266 1769 360 1826 oratio
376 1769 405 1824 in
420 1779 516 1844 partes
532 1767 678 1842 digeritur,
693 1769 745 1826 sed
759 1779 789 1825 et
803 1769 923 1843 singulis
938 1772 1068 1844 partibus
1090 1789 1160 1827 suus
1174 1771 1306 1828 trihuinn

152 1867 231 1925 ordo
252 1877 281 1923 et
302 1865 384 1925 color
405 1867 563 1936 sententiis,
578 1867 620 1924 sic
637 1868 767 1924 carmina
787 1885 870 1924 suam
893 1866 1020 1924 habeant
1038 1870 1199 1938 συμμορίαι
1218 1891 1246 1922 π
1265 1873 1306 1924 nt

150 1966 302 2037 ιιροομιω.

195 2062 256 2120 Sed
278 2061 349 2120 illud
370 2071 472 2120 eontra
488 2061 629 2130 affentnt3
651 2071 755 2136 poetas
775 2062 800 2118 si
821 2061 952 2119 earmina
972 2065 1098 2134 ἰσόμοιρα
1119 2063 1149 2119 in
1170 2063 1305 2138 strophas

150 2161 345 2236 redegissent,
369 2161 447 2218 notis
468 2177 572 2218 usuros
597 2159 686 2216 luisse
709 2159 894 2217 dimsiouum.
948 2160 1027 2218 Nam
1054 2161 1126 2218 tales
1153 2173 1305 2238 usurpatas

152 2259 243 2317 luisse
268 2259 300 2315 in
321 2257 503 2316 Graecorum
526 2257 621 2332 lyricis
642 2259 824 2324 ‚carminibus
844 2258 952 2316 docere
974 2257 1225 2334 Hephaestionem
1246 2263 1307 2332 περὶ

151 2363 276 2436 Σημιίον.
320 2361 380 2434 Qui
401 2362 475 2420 haec
498 2361 576 2430 dicit,
597 2364 647 2420 ubi
671 2364 945 2440 monostrophicum
970 2377 1047 2423 esset
1068 2384 1185 2441 poema,
1209 2366 1307 2440 qualia

152 2466 296 2542 pleraque
310 2465 503 2522 Anacreontis
519 2462 656 2539 Sapphus
670 2466 779 2536 Alcaei,
794 2466 916 2540 singulis
936 2464 1064 2539 strophis
1079 2461 1305 2539 paragraphum,

153 2563 239 2620 linito
260 2562 371 2638 apponi
392 2562 532 2619 coronida
546 2583 592 2625 :t
635 2561 666 2618 Si
686 2567 750 2618 κατὰ
771 2565 912 2636 περικοπὴν
931 2563 1070 2637 scripturn
1088 2573 1174 2630 esset,
1189 2559 1246 2618 hoc
1261 2571 1306 2618 est

152 2679 223 2719 cum
253 2661 372 2736 stropha
400 2659 591 2737 Antistropho
619 2659 736 2735 Epodo‚
760 2671 829 2736 post
851 2660 981 2734 singulas
1010 2659 1144 2734 strophas
1169 2669 1197 2717 et
1222 2659 1306 2716 Anti-

153 2757 294 2834 strophos
308 2789 371 2827 -‚
393 2767 461 2832 post
475 2757 598 2834 Epodos
612 2772 659 2827 ’3,
677 2757 759 2815 linito
776 2757 906 2814 carmine
927 2757 1097 2813 asteriscum
1112 2751 1155 2831 ·>“<·
1176 2757 1305 2832 appingi,

152 2855 313 2932 praecipue
327 2855 377 2912 ubi
395 2872 521 2930 sequens
539 2873 657 2913 carmen
671 2853 729 2911 alio
743 2865 838 2911 metro
855 2853 1053 2927 compositum
1067 2863 1153 2922 esset,
1168 2863 1199 2911 ut
1213 2853 1307 2928 plera-

153 2969 214 3028 que
237 2969 273 3008 ex
294 2951 541 3026 monostrophicis
554 2951 748 3009 Anacreontis
763 2949 899 3024 Sapphus
913 2949 1032 3019 Alcaei3
1058 2950 1099 3007 sic
1116 2949 1225 3008 lactum
1243 2967 1308 3007 esse

153 3050 185 3108 in
201 3049 406 3124 Aristophanis
420 3048 548 3108 e'ditione
563 3048 681 3118 Alcaei;
704 3059 807 3106 contra
828 3048 857 3104 in
875 3046 1060 3105 Aristarchea
1076 3066 1135 3124 qna
1150 3046 1306 3124 Hephaes-

152 3148 246 3206 tionis
266 3159 399 3223 tempore
420 3157 576 3217 uterentur,
594 3147 681 3205 etiam
702 3155 813 3204 mutato
834 3155 947 3202 tantum
968 3147 1105 3203 carmine.
1147 3146 1182 3204 In
1204 3145 1309 3204 sabulis

152 3245 271 3319 uulgari
293 3245 393 3319 diplen
413 3255 442 3301 et
466 3244 584 3318 quidem
604 3246 652 3313 τὴν
668 3247 719 3315 ἔξω
740 3249 785 3314 <,
799 3244 923 3301 eandem
942 3260 1007 3301 raro
1024 3244 1123 3300 uenire
1145 3245 1175 3301 in
1195 3243 1308 3318 lyricis;

153 3344 212 3400 nisi
234 3343 315 3418 quod
335 3343 366 3398 in
384 3341 535 3400 Alcmanis
555 3341 700 3416 poematis
720 3340 952 3416 quattuordecim
975 3339 1167 3414 stropharum,
1182 3359 1258 3416 quae
1278 3342 1309 3398 in

154 3440 230 3498 duas
252 3451 350 3516 partes
371 3441 532 3514 descriptae
554 3449 652 3497 essent
674 3448 860 3512 septenarum
881 3437 960 3495 idern
982 3449 1107 3496 metrum
1128 3438 1308 3508 habentium,

152 3539 259 3596 harum
283 3539 372 3595 altera
397 3537 495 3612 diplen
515 3537 635 3594 haberet
658 3538 813 3611 appictam,
835 3536 924 3594 altera
948 3547 1065 3594 careret.
1111 3537 1202 3595 Addit
1224 3547 1310 3596 notas

153 3636 336 3704 fabularum
359 3636 389 3692 in
403 3634 448 3692 his
465 3633 679 3709 paragraphum
697 3635 896 3708 anapaesticas
916 3635 1093 3709 partitiones,
1108 3652 1181 3710 quas
1202 3634 1309 3692 choms

153 3742 273 3792 caneret
295 3735 323 3788 ἐν
345 3737 376 3802 τῇ
396 3735 510 3808 παρόδῳ,
525 3733 598 3790 inter
619 3749 651 3788 se
674 3731 847 3805 disiungere,
863 3731 1077 3808 paragraphum
1099 3749 1166 3790 curn
1187 3741 1309 3806 utraque

153 3835 237 3901 διπλῇ
251 3832 282 3888 in
297 3831 431 3907 parabasi
444 3831 576 3905 usurpari
591 3830 818 3900 comoediarum.

197 3927 284 3986 Haec
304 3928 351 3985 ille
373 3927 409 3986 de
424 3927 551 4002 strophis
572 3928 661 3998 iustis,
678 3929 740 3986 sine
761 3937 873 3986 mutato
894 3927 1030 4004 rhythmo
1045 3926 1186 3996 delinitis;
1209 3926 1309 4002 quales

154 4025 186 4082 in
211 4023 395 4082 Graecorum
423 4023 528 4081 sabulis
556 4033 623 4081 sunt
651 4024 739 4081 etiam
762 4025 972 4098 anapaesticas.
1026 4022 1106 4094 Quid
1128 4023 1158 4080 in
1182 4023 1310 4099 strophis

155 4122 281 4179 omnino
302 4121 449 4194 ἰσομέτροις
468 4119 578 4178 lactum
598 4120 682 4178 suerit
702 4139 764 4179 non
786 4121 855 4179 dicit
876 4121 998 4191 diserte;
1024 4119 1076 4178 sed
1095 4121 1310 4196 paragraphum

155 4219 246 4277 credo
266 4217 431 4294 significare
450 4219 503 4276 ubi
522 4217 558 4276 de
574 4217 710 4294 Sapphus
730 4218 810 4277 libris
832 4219 964 4277 secundo
985 4237 1019 4277 ac
1040 4219 1124 4276 tertio
1144 4217 1218 4278 haec
1240 4223 1309 4282 scri-

155 4317 214 4374 bat.
260 4319 310 4372 Διιὶ
330 4319 450 4390 μὲνγὰρ
470 4318 501 4371 τὸ
521 4319 549 4371 ἐν
569 4321 622 4374 rois
641 4320 763 4373 παλαιοῖς
780 4317 951 4390 ἀντιγράφοις
970 4319 1033 4373 κατὰ
1052 4316 1099 4371 δύο
1114 4320 1178 4390 ὁρᾷν
1197 4341 1311 4396 παραγι-

156 4415 307 4488 γρομμὲνον
326 4415 436 4470 ἕκαστον
456 4411 536 4487 ᾆσμα,
552 4417 593 4470 καὶ
606 4416 644 4470 ἔτι
661 4415 704 4469 διὰ
722 4417 752 4470 τὸ
769 4415 849 4484 μηδὲν
863 4414 1029 4485 ιὺρίσκισθοι
1049 4414 1158 4487 ἀριθμοῦ
1177 4421 1309 4488 περιττοῦ,

157 4515 220 4569 κατὰ
235 4512 390 4584 συστήματα
405 4511 540 4584 νομίζομιν
554 4515 618 4568 αὐτὰ
639 4511 794 4587 γεγράφθαι.
838 4509 928 4581 Quod
950 4511 974 4569 Si
990 4529 1092 4571 uerum
1107 4523 1158 4582 est,
1175 4513 1310 4589 strophae
