3074 5066
254 421 312 476 2³2
658 415 713 474 DE
738 412 999 473 PARTITIONE

251 617 338 674 super
358 599 460 674 uiginti
481 598 610 656 celebres
632 597 729 656 scolae
755 595 843 655 luisse
865 597 895 653 in
918 595 990 654 urbe
1012 595 1201 661 traderentur,
1222 593 1315 669 pretia
1333 609 1408 650 uero

251 697 506 770 grammaticorum
522 705 602 754 tanta
616 695 825 770 mercedesque
840 705 901 752 tam
915 711 1038 768 magnas
1053 703 1084 751 ut
1098 703 1245 750 constaret
1256 691 1407 748 Lutatium

251 794 439 870 Daphnidem
461 795 653 869 septingentis
674 793 789 851 milibus
817 810 940 850 numum
968 810 986 848 a
1013 789 1052 862 Q.
1075 789 1180 848 Catulo
1208 799 1342 865 emptum
1369 806 1406 846 ac

250 893 332 949 breui
352 892 573 959 manumissum,
598 889 631 948 L.
648 890 804 966 Apuleium
826 891 863 948 ab
883 889 977 947 Elicio
1001 887 1126 947 Caluino
1145 889 1242 964 equite
1266 887 1405 944 Romano

251 989 411 1065 praediuite
432 989 638 1064 quadringenis
660 987 764 1047 annuis
785 987 963 1046 conductum
985 987 1092 1044 multos
1115 987 1285 1044 edocuisse:
1310 986 1405 1043 claros

251 1095 348 1145 autem
363 1085 545 1162 professores
560 1097 626 1144 ante
641 1085 746 1144 Catulli
761 1095 885 1142 aetatem
900 1095 1044 1142 memoret
1058 1084 1246 1151 Nicanorem,
1262 1083 1402 1158 Opilium,

251 1182 450 1258 Gniphonem,
480 1183 690 1252 Andronicum,
717 1182 861 1241 Orbilium
884 1181 1038 1258 Pupillum,
1064 1183 1182 1240 Ateium
1207 1181 1402 1256 Philologum,

251 1279 400 1338 Valerium
423 1279 577 1350 Catonern,
600 1279 771 1339 Cornelium
792 1280 965 1356 Epicadum,
990 1279 1153 1338 Staberium
1175 1281 1306 1348 Erotem,
1329 1279 1402 1338 Cur-

249 1378 323 1436 tium
352 1377 476 1448 Niciam,
499 1379 657 1447 Lenaeum,
679 1396 716 1436 eo
744 1380 838 1452 magis
865 1378 974 1436 inclino
1002 1387 1033 1436 ut
1055 1378 1172 1437 credam
1200 1387 1293 1435 totam
1314 1378 1402 1434 Alex-

251 1475 440 1534 andrinorum
476 1476 666 1552 disciplinam,
696 1476 770 1533 inter
803 1475 875 1533 haec
909 1485 995 1534 notas
1029 1477 1171 1544 metricas,
1201 1474 1316 1533 Romae
1345 1477 1402 1532 iam

252 1573 403 1632 Ciceronis
417 1586 549 1650 ternpore
563 1575 698 1648 uiguisse.
744 1572 823 1631 Nam
845 1574 922 1632 aliud
941 1591 1034 1648 genus
1051 1585 1193 1642 notarum,
1215 1585 1247 1631 ut
1261 1575 1402 1650 quidquid

250 1689 306 1748 pro
331 1673 468 1730 contione
496 1681 546 1730 aut
570 1673 600 1728 in
625 1672 737 1730 iudiciis
762 1671 906 1730 diceretur
933 1672 1039 1730 librarii
1064 1673 1221 1730 scriberent
1246 1673 1333 1730 simul
1358 1691 1402 1730 as-

250 1780 345 1828 tantes
360 1770 459 1826 drieisr's
473 1770 546 1826 orer
560 1789 588 1826 se
598 1769 729 1844 partr'bus
745 1776 810 1844 quot
822 1772 934 1844 quisque
950 1770 1035 1826 uerba
1053 1777 1079 1826 e!
1095 1789 1146 1844 quo
1159 1770 1254 1826 ordene
1267 1771 1405 1844 excepere!

250 1869 310 1928 iam
325 1868 438 1926 Ennius
452 1868 619 1926 inuenerat:
641 1877 726 1926 notas
745 1879 843 1926 autem
862 1885 937 1944 quae
958 1870 1048 1926 uerba
1062 1869 1109 1926 uel
1124 1868 1248 1943 syllabas
1267 1869 1403 1943 praefixis

251 1966 465 2026 characteribus
480 1975 614 2024 notarent
629 1965 702 2023 Tiro
717 1963 867 2023 Ciceronis
887 1965 1017 2023 librarius
1035 1977 1249 2024 commentatus
1264 1975 1319 2036 est,
1333 1984 1403 2023 mox

251 2064 409 2140 Vipsanius
429 2063 612 2139 Philargyrus
630 2063 737 2138 Aquila
757 2063 870 2122 Seneca
890 2074 1040 2122 auxerunt.
1083 2065 1167 2140 ipsas
1189 2065 1251 2122 illas
1274 2065 1402 2122 Alexan·

252 2161 401 2220 drinorum
423 2171 508 2219 notas
528 2161 600 2218 XXI
615 2162 721 2237 quibus
735 2163 890 2220 utebantur
910 2163 941 2220 in
955 2163 1204 2221 commentatione
1220 2163 1403 2236 scriptorum,

250 2259 328 2317 idem
349 2259 505 2318 Suetonius
526 2259 594 2318 dicit
616 2259 646 2316 in
676 2260 912 2318 annotationibus
932 2259 1010 2316 Enni
1033 2259 1126 2318 Lucili
1146 2271 1175 2318 et
1199 2259 1403 2320 historicorum

252 2376 322 2416 usos
347 2357 435 2416 luisse
457 2357 586 2416 Ennium
607 2356 781 2433 Aeliumque
803 2369 833 2414 et
854 2367 1003 2432 postremo
1025 2356 1162 2426 Probum,
1179 2375 1268 2433 quem
1290 2358 1353 2414 illas
1374 2358 1404 2414 in

253 2454 384 2530 Vergilio
399 2465 427 2512 et
442 2453 567 2514 Horatio
581 2466 610 2513 et
625 2455 760 2514 Lucretio
776 2457 946 2530 apposuisse
960 2466 992 2514 ut
1008 2455 1142 2515 Homero
1157 2456 1365 2515 Aristarchum.

294 2551 340 2608 Ex
354 2551 398 2610 his
413 2570 488 2628 quae
503 2552 540 2609 ad
554 2569 615 2610 rem
630 2564 760 2611 nostram
774 2555 919 2628 pertinent
932 2553 1005 2611 haec
1021 2551 1111 2612 sunt².

303 2655 339 2714 >·
371 2651 450 2726 diple
473 2651 652 2709 obelismene
676 2652 715 2711 ad
743 2653 919 2728 separandas
947 2653 977 2711 in
1005 2654 1165 2712 comoediis
1193 2663 1222 2712 et
1246 2654 1405 2729 tragoediis

253 2751 400 2828 periodos.

303 2854 338 2913 -<
361 2867 462 2907 auersa
477 2848 656 2907 obelismene
671 2853 806 2925 quotiens
821 2851 939 2927 strophe
954 2863 983 2910 et
997 2851 1193 2929 antistrophos
1207 2850 1336 2910 insertur.

303 2955 339 3046 Ξ
369 2963 445 3040 diple
471 2981 593 3039 superne
618 2965 734 3023 obelata
758 2966 876 3040 ponitur
901 2967 939 3024 ad
962 2967 1166 3025 condicionem
1194 2967 1327 3026 loconrm
1355 2967 1406 3024 uel

254 3083 446 3142 personarum
461 3064 507 3121 uel
522 3075 689 3139 temporum
703 3075 851 3123 mutatam.

295 3161 408 3220 Eadem
431 3161 562 3218 Isidorus
584 3159 685 3235 On'gg.
701 3161 724 3218 1.
746 3179 783 3218 20
805 3161 859 3218 nisi
882 3163 964 3238 quod
988 3163 1085 3238 diplen
1108 3180 1233 3238 superne
1255 3163 1406 3221 obelatam

255 3261 359 3319 omisit.

297 3357 411 3416 Harum
436 3375 473 3414 an
502 3355 576 3414 ullae
605 3355 635 3412 in
658 3357 807 3415 codicibus
832 3366 932 3415 extent
957 3357 1071 3428 Horati,
1096 3376 1155 3416 non
1182 3359 1251 3416 scio.
1295 3357 1407 3418 Extant

255 3467 332 3514 certe
355 3456 438 3530 signa
459 3455 655 3529 partitionum,
671 3455 776 3530 quibus
797 3455 942 3512 interdum
964 3456 1100 3532 strophae
1121 3476 1139 3515 a
1159 3456 1295 3532 strophis,
1315 3458 1406 3515 inter-

255 3555 326 3612 durn
347 3553 486 3611 orationis
508 3552 639 3608 membra
660 3552 733 3608 inter
748 3570 779 3610 se
801 3552 1023 3627 distinguantur,
1037 3561 1069 3610 ut
1087 3553 1222 3612 conlecto
1239 3555 1360 3613 circuitu
1373 3568 1408 3616 ct

255 3653 339 3728 quasi
361 3651 431 3710 orbe
448 3651 603 3708 uerborum
626 3649 663 3706 ab
678 3649 767 3708 altero
787 3661 959 3725 argumento
981 3651 1116 3709 transitus
1138 3652 1186 3710 fiat
1208 3647 1245 3709 'ad
1271 3653 1407 3712 altemm.

257 3751 334 3808 Nam
360 3750 389 3806 in
414 3749 534 3824 antiquo
557 3747 658 3806 codice
682 3747 788 3806 Horati
813 3750 861 3825 qui
890 3750 920 3806 in
944 3748 1050 3807 Museo
1078 3748 1245 3809 Britannico
1274 3765 1410 3812 seruatur

257 3847 352 3926 (Harl.
371 3844 471 3923 2725),
493 3846 565 3904 haec
587 3855 656 3904 nota
677 3844 697 3900 7
723 3847 770 3904 uel
792 3846 821 3900 ·7
846 3847 937 3905 modo
960 3848 989 3904 in
1015 3847 1199 3924 stropharum
1224 3850 1290 3920 tine,
1312 3851 1410 3911 modo

255 3945 443 4020 periodorum
464 3945 542 4002 uelut
564 3944 593 4000 in
610 3943 708 4002 Satiris
723 3954 751 4000 et
765 3944 904 4020 Epistulis
925 3947 1021 4021 posita
1042 3957 1094 4004 est.
1138 3947 1224 4005 Hanc
1247 3949 1412 4024 antiquitus

257 4045 393 4102 traditam
416 4044 503 4102 fuisse
524 4043 619 4102 forma
641 4044 756 4114 indicat,
779 4063 839 4102 non
860 4045 948 4120 longe
970 4057 1082 4104 remota
1103 4048 1141 4104 ab
1165 4049 1205 4106 eis
1228 4066 1303 4124 quae
1327 4053 1412 4124 apud

258 4143 429 4200 Suetonium
442 4153 470 4200 et
480 4142 626 4201 Isidorum
640 4144 836 4219 reperiuntur;
852 4161 907 4201 nec
922 4162 938 4201 a
952 4162 1024 4202 uero
1038 4145 1109 4202 mihi
1123 4145 1276 4203 abhorrere
1291 4147 1412 4207 uidetur

257 4249 288 4296 ut
302 4236 426 4297 formam
442 4240 481 4297 ita
495 4259 580 4298 usum
596 4259 613 4298 a
627 4240 772 4300 ueteribus
787 4241 824 4299 ad
839 4259 894 4299 nos
908 4242 1085 4316 peruenisse.

504 4390 512 4419 ¹
530 4393 587 4440 Vide
599 4394 689 4441 Suetoni
702 4395 825 4456 Relliquias
837 4397 872 4442 cd.
884 4395 1062 4457 Reyllerscheid.
1074 4412 1095 4457 p.
1106 4409 1159 4457 140.
