3136 5060
253 415 312 470 ³10
713 407 926 470 EXCVRSVS

251 594 282 654 in
296 593 363 670 Dig.
379 611 424 670 ¹9·
441 613 468 665 a,
486 611 530 668 ¹9·
546 611 590 654 ro.
632 591 670 652 Et
683 592 728 652 lris
743 592 861 670 quidem
881 591 984 650 modo
1002 592 1031 650 si
1049 589 1127 650 idem
1140 589 1279 665 estquod
1294 587 1394 664 pleris-

252 711 311 770 que
330 693 536 764 dummodo;
556 703 660 753 auctor
672 692 807 752 carminis
821 691 858 751 de
872 689 955 768 Myle
973 708 1035 749 non
1053 699 1112 748 tarn
1131 707 1185 766 pro
1204 687 1395 747 dummodo

252 792 402 868 usurpauit
414 809 504 868 quam
524 809 578 868 pro
599 791 703 851 modo
723 791 786 850 siue
806 799 874 866 post
894 789 923 848 si
942 789 1021 864 quis
1042 787 1142 848 addito
1162 787 1346 846 ‘Latrares
1365 787 1394 844 si

253 890 354 966 ‘quis
388 889 578 951 adcnbaret
608 889 724 950 modo’
758 889 820 948 siue
853 887 1020 965 praeposito
1051 897 1081 945 et
1111 886 1222 945 omissa
1253 883 1395 962 particula

253 986 383 1047 ‘Modo
411 988 600 1048 adcubaret
627 987 768 1065 aliquis,
796 985 955 1046 latrares'
990 985 1080 1045 ‘One
1107 983 1165 1044 had
1192 984 1246 1043 but
1271 992 1304 1042 to
1331 992 1396 1041 sent

252 1086 393 1146 ‘himself
407 1087 447 1164 by
464 1087 517 1146 her
535 1087 597 1148 side
615 1087 674 1146 and
693 1105 753 1164 you
771 1085 869 1146 would
887 1082 978 1144 bark'

292 1183 481 1262 Epigramma
496 1185 644 1262 eleganter
659 1185 802 1244 conuertit
818 1183 929 1244 amicus
945 1199 1029 1242 mens
1044 1179 1216 1240 Shadworth
1230 1177 1271 1238 H.
1286 1177 1396 1254 liodg-

252 1299 308 1340 wn
455 1363 522 1424 The
536 1373 586 1440 pet
599 1381 634 1423 so
648 1361 747 1440 dainty
761 1363 820 1422 and
834 1379 869 1422 so
882 1361 980 1438 gentle
995 1359 1070 1420 dead
1082 1363 1089 1418 l

455 1460 571 1521 Nursed
586 1462 616 1519 in
629 1461 681 1520 her
694 1459 832 1522 mistress’
845 1459 903 1536 lap,
918 1459 977 1520 and
990 1459 1020 1518 in
1034 1458 1085 1516 her
1098 1456 1157 1516 bed

454 1559 574 1636 Nightly
588 1559 722 1636 partaker
735 1559 770 1620 ol
780 1559 834 1619 her
845 1559 934 1634 sleep.
975 1555 1004 1618 Ο
1018 1556 1071 1634 Fly

456 1657 553 1718 'Twas
566 1675 676 1732 wrong,
691 1657 771 1716 'twas
785 1675 853 1734 very
867 1673 968 1732 wrong
981 1654 1016 1714 ol
1025 1673 1085 1732 yon
1098 1663 1128 1714 to
1142 1653 1205 1712 diel

455 1754 483 1813 Α
497 1755 568 1814 riual
582 1753 629 1814 sor
641 1773 714 1832 your
728 1754 818 1832 ladjs
832 1753 935 1815 lauour
949 1765 1009 1824 too,

455 1853 513 1912 For
527 1853 650 1912 didone
664 1855 700 1914 sit
713 1873 732 1912 a
745 1854 814 1914 little
829 1852 931 1926 closer,
944 1872 1004 1931 you

456 1951 566 2011 Would
578 1952 660 2024 bank,
674 1971 692 2012 a
705 1953 850 2030 graceless
864 1953 1012 2012 libertinel
1054 1949 1083 2012 Ο
1097 1949 1149 2027 Fly

456 2049 552 2110 'Tuas
566 2069 676 2128 wrong,
691 2051 771 2110 'twas
784 2069 853 2128 very
867 2068 968 2127 wrong
982 2049 1017 2110 ol
1026 2068 1085 2127 yon
1098 2059 1129 2108 to
1143 2049 1206 2108 diel

455 2147 484 2207 N
486 2165 532 2207 ow
546 2147 583 2208 all
597 2147 748 2225 unwitting
761 2165 821 2225 you
834 2147 872 2206 lie
884 2146 987 2206 buried
1000 2146 1085 2224 deep.

456 2245 520 2305 Nor
533 2265 588 2306 can
602 2245 683 2306 show
697 2245 778 2324 light,
792 2263 848 2306 nor
861 2263 901 2305 on
915 2245 964 2304 the
977 2243 1053 2304 lrnee
1067 2263 1122 2304 can
1136 2243 1211 2322 leap,

456 2343 506 2404 No
520 2362 602 2404 more
615 2363 674 2421 you
688 2343 784 2421 gleam
798 2362 839 2403 on
852 2361 900 2403 me
913 2343 980 2402 with
994 2343 1072 2402 teeth
1086 2343 1147 2402 that
1160 2344 1218 2402 bite

458 2443 494 2502 ln
507 2443 604 2521 gentle
618 2442 762 2514 snetches
775 2441 839 2502 hall
849 2441 884 2502 ol
892 2442 968 2520 play,
982 2441 1045 2500 hali
1055 2442 1137 2518 spite.

622 2683 860 2744 ADDENDVM
881 2685 919 2744 sd
937 2683 990 2743 IV.
1005 2703 1030 2744 r.

295 2830 364 2890 Huc
384 2829 507 2906 pertinet
527 2832 659 2893 scholion
681 2833 828 2893 Bernense
847 2833 935 2910 Verg.
951 2832 1040 2893 Geor.
1055 2833 1108 2892 IV.
1126 2835 1182 2910 289
1204 2832 1270 2905 (Ecl
1286 2831 1399 2910 Hagen

254 2929 284 2987 in
303 2927 482 2988 Fleckeiseni
500 2929 578 2991 Ann.
600 2931 749 3008 Supplern.
763 2930 816 2990 IV.
832 2933 1006 3007 ⁶73·¹0¹⁴l
1027 2932 1167 3001 Phaselis,
1193 2930 1311 2990 Genus
1339 2950 1398 2990 na-

254 3027 347 3087 uium
374 3028 559 3105 pictarum,
588 3031 678 3090 sicut
709 3031 895 3108 ‘phaselus
928 3029 999 3090 ille’
1027 3049 1129 3108 quem
1161 3030 1208 3090 ait
1235 3029 1398 3092 Catullus

254 3130 455 3186 ‘auctorem
474 3145 551 3188 esse
570 3130 710 3189 nauium
730 3129 998 3189 celerrimarum¹
1012 3147 1114 3205 quern
1131 3129 1250 3188 habuit
1266 3129 1399 3206 hospes

255 3225 414 3286 Serenus.
440 3224 565 3286 Ium'lius
580 3229 655 3287 dicit
699 3227 746 3288 Sic
764 3227 927 3306 Hagenus;
957 3228 1010 3288 sed
1030 3229 1148 3288 codices
1168 3228 1275 3288 habent
1302 3229 1399 3290 sicus

254 3325 427 3403 phasillus
448 3325 507 3385 ille
529 3344 629 3403 quern
653 3326 776 3402 agiunt
797 3336 974 3386 auctorem
999 3344 1076 3386 esse
1097 3327 1237 3386 nauium
1260 3328 1399 3386 caelae-

253 3431 365 3482 tarum
380 3423 586 3497 (celaturum
603 3423 641 3496 C)
653 3423 732 3484 unde
745 3424 780 3484 C.
792 3423 830 3484 G.
845 3424 1002 3484 Muellerus
1017 3427 1169 3502 scripserat
1183 3443 1283 3502 quem
1300 3426 1399 3486 aiunt

254 3531 432 3581 auctorem
464 3540 540 3580 esse
570 3523 711 3582 nauium
742 3523 945 3582 celatarum.
996 3523 1095 3582 Verba
1124 3529 1246 3601 ‘quem
1276 3524 1399 3584 habuit

255 3618 406 3696 ‘hospes
438 3617 601 3679 Serenus'
628 3620 757 3698 Hageno
782 3641 817 3682 ex
841 3623 939 3700 aliquo
964 3623 995 3682 in
1015 3621 1161 3682 Catullum
1185 3622 1398 3683 commentario

256 3717 429 3795 deprompta
449 3717 591 3777 uidentur.

619 3965 856 4026 ADDENDVM
877 3967 914 4026 ad
931 3967 968 4026 X.
986 3971 1031 4027 26.

440 4121 534 4180 Istos
554 4121 752 4194 commoda;
782 4140 858 4181 narn
880 4122 962 4182 uolo
983 4123 1024 4182 ad
1046 4122 1201 4202 Sarapim

438 4217 587 4279 Delerri.

438 4313 594 4377 Gualterus
609 4316 726 4378 Landor
741 4317 864 4378 coniecit
883 4337 975 4378 eram
994 4319 1085 4379 uolo.
