3074 5066
276 386 334 442 222
678 385 731 445 DE
756 385 1014 446 PARTITIONE

274 569 337 622 ιοτὸ
351 568 397 622 διὸ
411 567 528 643 quidem
543 567 582 627 ibi
596 569 731 641 maxime,
741 570 789 628 ubi
805 569 933 629 Ariadna
946 571 1081 628 maritum
1092 578 1211 644 quaerat
1225 585 1258 626 ac
1272 567 1418 643 deploret

278 666 424 739 178-187,
442 669 597 740 198—aor;
619 691 683 724 ιοτο
695 673 765 742 speie
781 668 831 726 ubi
845 667 1023 728 Eumenidas
1040 677 1171 743 precetur
1191 676 1224 726 ut
1244 666 1299 724 sibi
1322 664 1418 724 adsint
1513 695 1514 704 .

275 761 394 820 ulurrae.
415 761 592 843 (192-197.)
627 764 763 842 Denique
790 765 866 824 hanc
894 767 1053 838 συμμετρίαν
1080 781 1224 840 nusquam
1251 763 1351 838 magis
1374 779 1418 819 re·

275 860 360 937 periri
385 878 473 937 quam
501 863 531 920 in
555 863 780 940 epigrammatis,
803 865 972 940 praesertim
994 873 1063 923 octo
1086 879 1232 923 uersuum.
1277 861 1340 920 Sed
1362 862 1417 918 iam
1513 859 1514 930 ζ

274 968 360 1017 antea
380 958 493 1035 Anglus
513 961 544 1019 ui
564 960 648 1020 fallor
668 963 697 1020 in
714 961 838 1039 Ephem.
854 961 946 1021 Class.
962 961 1015 1020 IV.
1033 974 1099 1036 297,
1120 960 1186 1018 XV.
1206 973 1271 1034 107,
1286 979 1312 1018 c
1330 957 1417 1016 XXX

273 1055 374 1134 Afferie
394 1059 532 1117 immemor
544 1067 624 1136 alque
636 1063 776 1119 anomiani
778 1061 861 1138 salse
873 1061 1011 1121 sodalibus
1027 1061 1057 1118 in
1071 1070 1129 1119 tres
1150 1059 1285 1135 strophas
1299 1068 1418 1136 quater·

275 1173 379 1214 norum
400 1175 536 1216 uersuum
557 1159 709 1232 diuiserat,
734 1159 898 1236 feceratque
919 1158 996 1219 idem
1013 1158 1219 1218 Lachmannus
1240 1159 1270 1215 in
1287 1157 1417 1216 editione

275 1253 380 1314 Catulli
402 1257 496 1332 priore
520 1255 634 1338 (1829).
677 1258 784 1317 Postea
811 1258 841 1318 in
863 1255 980 1334 Bergkii
1004 1267 1033 1317 et
1057 1256 1189 1316 Caesaris
1210 1256 1291 1314 Diar.
1314 1255 1415 1330 Antiq.

278 1355 354 1426 1845
377 1372 407 1429 p.
420 1373 476 1428 392
499 1357 528 1413 in
550 1373 601 1414 sex
623 1356 758 1432 strophas
781 1356 932 1432 descripsit
953 1357 1088 1415 binorum
1112 1373 1257 1416 uersuum.
1300 1353 1414 1412 Eodem

275 1453 341 1511 loco
369 1451 466 1511 docuit
494 1454 623 1530 singulas
652 1454 785 1530 strophas
820 1453 1003 1531 Epithalamii
1033 1453 1121 1514 Collis
1153 1473 1169 1510 o
1198 1451 1358 1510 Helr'com'er'
1379 1468 1414 1508 ex

275 1551 437 1624 systematis
451 1550 566 1610 duobus
583 1552 678 1628 priore
691 1569 828 1610 uersuum
842 1561 998 1622 temonrm,
1013 1552 1172 1628 posteriore
1189 1551 1325 1608 biuonrm
1345 1566 1414 1606 cou-

275 1657 358 1706 stare.
382 1646 414 1706 C.
431 1647 516 1706 LXII
537 1649 575 1708 ad
595 1649 675 1725 leges
696 1650 846 1709 amoebaei
867 1651 1001 1708 carminis
1022 1650 1131 1726 primus
1146 1646 1290 1708 Naekius¹
1311 1657 1415 1724 postea

275 1747 482 1808 Lachmannus
503 1749 648 1826 Hauptius
666 1749 854 1810 Hermannus
874 1749 1072 1809 Froehlichius
1093 1748 1292 1808 Rossbachius
1313 1747 1413 1806 Leuts-

275 1845 356 1904 chius
380 1844 547 1918 Pleitnerus,
577 1848 741 1924 nuperrime
768 1865 839 1907 uero
867 1847 982 1906 Riesius
1009 1846 1163 1906 Richtenrs
1190 1845 1334 1905 Frankius
1362 1863 1413 1922 pro

275 1961 307 2002 se
330 1943 453 2020 quisque
479 1945 616 2004 reducere
641 1947 737 2004 conati
758 1955 831 2004 sunt
883 1944 913 2003 T
914 1963 963 2003 um
988 1944 1123 2004 Handius
1146 1945 1177 2002 in
1199 1953 1411 2022 programmate

274 2041 364 2102 lenae
386 2061 464 2102 anno
489 2045 564 2117 1848
588 2045 666 2104 edito
690 2063 714 2104 c
738 2043 792 2102 LV
811 2043 933 2104 Oramru
953 2047 983 2102 si
995 2045 1078 2122 sorte
1098 2063 1151 2101 non
1171 2044 1307 2102 molestum
1327 2043 1411 2101 estin

274 2150 332 2198 tres
355 2151 451 2217 partes
478 2141 620 2202 distribuit
641 2141 696 2202 hac
723 2142 787 2218 lege
814 2152 846 2201 ut
872 2142 933 2200 bini
959 2159 1061 2201 uersus
1086 2141 1235 2217 stropham
1260 2141 1411 2208 efficerent,

274 2256 399 2315 quorum
412 2257 550 2300 uersuum
564 2243 642 2318 prior
656 2241 839 2318 spondaeum
853 2241 883 2299 in
898 2239 1025 2300 secunda
1044 2240 1113 2300 sede
1128 2249 1257 2317 poneret,
1273 2240 1411 2316 posterior

274 2337 428 2416 dactylum.
481 2339 571 2398 Hunc
598 2357 716 2416 quoque
741 2339 831 2399 secuti
855 2349 922 2398 sunt
949 2339 1122 2415 complures,
1150 2355 1276 2414 quorum
1301 2347 1409 2397 senteu-

273 2437 327 2494 tias
352 2437 407 2512 ipsi
431 2437 549 2495 cancrini
570 2439 702 2514 apposui.
751 2437 887 2514 Denique
906 2455 931 2496 c.
954 2435 1025 2496 LXI
1047 2435 1086 2496 ad
1109 2454 1248 2495 numeros
1271 2437 1365 2495 retulit
1385 2441 1411 2492 et

274 2533 329 2592 hac
349 2535 459 2593 ratione
479 2535 630 2612 descripsit
649 2534 809 2595 Pleitnenrs
829 2537 859 2594 in
878 2535 975 2595 libello
994 2553 1053 2612 quo
1072 2535 1129 2594 hoc
1149 2553 1269 2594 carmen
1286 2544 1316 2594 et
1329 2526 1409 2594 LXII

273 2631 414 2690 tractauit.

315 2727 374 2788 Sed
391 2729 559 2807 priusquam
576 2729 613 2790 de
628 2728 731 2789 Catulli
751 2731 926 2790 carminibus
943 2731 1096 2808 loquImur,
1110 2749 1205 2808 pauca
1218 2731 1363 2808 quaedam
1376 2729 1410 2789 de

274 2828 409 2886 uniuersa
428 2845 459 2885 re
481 2826 605 2887 dicenda
626 2838 702 2894 sunt,
716 2829 843 2906 primum
857 2839 954 2888 utrum
967 2840 1162 2906 repugnantes
1180 2829 1287 2888 habeat
1302 2825 1411 2905 eosqui

273 2926 310 2984 de
330 2926 429 2986 metris
450 2927 633 3004 seripserunt,
648 2926 753 2987 deinde
766 2937 863 2987 utnrm
882 2929 950 2988 alibi
968 2931 1132 3005 reperiatur.
1175 2928 1265 3002 Quod
1286 2931 1410 3007 plerique

273 3036 381 3100 negant
399 3027 534 3085 metricos
550 3028 707 3104 quicquam
729 3027 765 3086 de
784 3028 938 3104 partitione
955 3029 1116 3088 carminum
1135 3030 1279 3101 ὶοομέοροο
1301 3029 1410 3096 dixisse,

272 3141 374 3181 uerum
388 3122 457 3182 illud
471 3124 599 3200 quidem,
613 3125 665 3184 sed
679 3143 740 3183 non
755 3143 791 3183 ex
805 3126 886 3184 omni
900 3135 982 3202 parte
996 3137 1049 3185 est.
1091 3126 1175 3199 Quos
1190 3136 1220 3185 ut
1233 3144 1297 3185 non
1312 3125 1410 3185 infitier

273 3228 429 3298 systemata
449 3239 484 3280 ac
506 3221 640 3298 strophas
660 3222 700 3280 ibi
721 3222 781 3281 iere
806 3241 922 3300 semper
942 3242 1053 3300 ponere
1073 3225 1122 3284 ubi
1145 3233 1256 3284 mutato
1276 3241 1410 3285 uersuum

273 3317 408 3394 rhythmo
429 3337 547 3378 carmen
567 3318 718 3390 diuidatru,
737 3321 834 3393 ueluti,
855 3321 879 3380 si
900 3322 938 3381 de
958 3323 1121 3399 anapaestis
1143 3339 1189 3384 res
1213 3331 1266 3393 est,
1288 3333 1412 3399 systema

274 3435 335 3477 non
368 3419 429 3495 pari
461 3437 583 3479 numero
615 3419 750 3479 similium
778 3438 915 3480 uersuum
948 3421 979 3479 fit
1013 3439 1103 3481 sensu
1133 3431 1246 3480 tantum
1274 3421 1409 3482 discreto

272 3535 346 3588 rum,
369 3517 421 3576 sed
443 3528 537 3576 certus
560 3536 697 3576 numerus
720 3535 857 3577 uersuum
879 3521 996 3578 mutatis
1023 3520 1114 3578 ultimi
1136 3519 1268 3596 pedibus,
1290 3519 1348 3580 hoe
1370 3526 1411 3578 est

273 3615 402 3674 admisso
434 3617 627 3692 paroemiam,
655 3634 692 3674 err
720 3616 907 3694 sequentibus
938 3617 1097 3677 disiunctus
1124 3617 1181 3678 hoe
1207 3618 1301 3677 modo
1328 3617 1411 3677 efficit

273 3723 418 3790 systema;
449 3723 481 3772 ut
505 3713 755 3791 Hephaestionem
777 3714 939 3774 concedam
960 3715 990 3773 in
1015 3714 1088 3774 libro
1114 3733 1168 3774 suo
1191 3717 1252 3788 περὶ
1274 3717 1413 3786 ποιήματος

272 3821 301 3870 et
318 3813 348 3870 in
362 3809 546 3872 Encheiridio
559 3811 726 3872 huiusmodi
744 3811 878 3890 strophas
893 3813 1062 3892 plerumque
1082 3815 1241 3890 respicere;
1263 3816 1304 3873 ita
1321 3829 1412 3891 neque

273 3910 372 3968 omnia
391 3920 503 3970 ueteres
520 3911 689 3970 crediderim
703 3911 853 3971 tradidisse
872 3929 948 3988 quae
965 3912 1002 3971 de
1022 3913 1153 3972 uersibus
1173 3929 1243 3970 uera
1263 3911 1412 3978 habentur,

272 4005 351 4064 ethi
374 4007 429 4084 ipsi
450 4009 589 4068 nonnulla
611 4008 647 4068 de
669 4009 726 4068 hoc
751 4011 781 4068 in
802 4027 863 4086 quo
883 4028 1033 4069 uersamur
1050 4010 1225 4086 reliquenmt
1244 4009 1352 4086 quibus
1372 4027 1413 4066 re·

273 4105 434 4163 centiomm
463 4107 649 4166 confirmetur
678 4107 786 4183 opinio.
842 4106 941 4166 Verba
972 4107 1200 4184 Hephaestionis
1227 4107 1412 4182 respiciamus

273 4218 347 4276 quae
382 4213 449 4262 sunt
475 4204 505 4262 iu
531 4207 651 4266 exordio
679 4207 742 4264 libri
775 4209 833 4279 περὶ
860 4206 1000 4278 ποιήματος
1026 4205 1118 4280 §114
1147 4204 1306 4281 Westphal.
1360 4211 1413 4260 τῶν

272 4303 420 4372 ποιημάτων
440 4304 472 4359 τὰ
490 4305 537 4376 μέν
550 4307 609 4362 ἐστι
627 4307 691 4363 κατὰ
710 4303 809 4377 στίχον,
827 4307 859 4360 τὰ
880 4307 908 4361 δι’
927 4309 1115 4377 comportari,
1134 4307 1166 4362 ni
1186 4307 1215 4361 δὲ
1233 4305 1318 4376 μικτὰ,
1334 4305 1367 4359 rd
1387 4303 1412 4358 il

682 4486 690 4514 ¹
709 4487 822 4548 Opuscula
835 4487 852 4535 I.
865 4503 902 4548 pp.
915 4500 968 4550 103,
981 4503 1002 4550 4.
