3136 5060
660 419 881 481 Excvttsvs.
1280 416 1339 474 ³³9

89 616 95 622 ·
200 593 308 658 Varre
329 597 507 678 scripserunt
527 599 635 662 Statius
656 601 785 680 Scaliger
805 596 943 662 Handius
963 599 1029 674 alii;
1057 599 1143 660 etiam
1163 595 1289 656 Varius
1309 596 1341 654 iu

199 693 236 754 X
252 713 265 754 r
281 708 433 758 sernarunt
452 709 520 776 post
533 698 674 760 Vossium
688 699 828 762 Osannus
848 699 887 760 ad
900 698 1057 776 Apuleium
1074 698 1111 757 de
1125 693 1342 772 Orthographia

200 792 270 870 §43
284 806 314 855 et
326 795 508 858 Weichertus
522 797 559 858 de
572 797 607 857 L.
622 797 712 858 Vario
726 817 754 876 p.
767 818 794 871 4.
830 797 869 857 Et
881 797 939 858 hoc
953 797 1073 874 quidem
1093 813 1150 855 nec
1170 795 1341 870 insequente

200 890 386 954 Sermones
410 895 507 967 uarii,
528 913 588 972 quo
609 895 640 954 in
655 896 775 956 nomine
789 894 870 954 Varii
889 914 942 973 per
956 893 1225 954 annominationem
1238 889 1342 948 lusisse

198 1000 303 1066 potest,
318 1011 373 1053 nec
387 992 545 1053 xxv11.2
562 993 688 1071 lugere
708 996 754 1053 mi
774 994 904 1055 calices
924 994 1115 1053 amariores
1132 990 1213 1068 quod
1232 989 1342 1048 habent

199 1089 317 1150 codices
337 1109 392 1169 pro
414 1091 520 1168 Inger
543 1092 598 1164 mi,
617 1091 818 1152 necLV1.ro
843 1091 1039 1152 Camerium
1060 1089 1145 1150 mihi
1168 1088 1342 1166 pessimae

199 1187 336 1263 puellae
358 1190 428 1249 satis
441 1189 594 1250 defensum
608 1192 737 1251 arbitror.
770 1190 817 1250 De
831 1190 926 1251 Varro
939 1190 996 1250 alia
1009 1207 1055 1249 res
1068 1198 1122 1249 est.
1153 1187 1232 1247 Nam
1246 1185 1341 1245 codex

199 1286 315 1363 Apuleii
335 1287 373 1347 de
387 1287 603 1366 Orthographia
622 1288 744 1361 aMaio,
765 1307 836 1349 mox
857 1290 896 1348 ab
909 1287 1033 1348 Osanno
1047 1287 1149 1360 editus,
1164 1286 1237 1346 haec
1253 1284 1341 1344 habet

199 1383 304 1443 Battus
323 1385 455 1446 zambrim
469 1393 549 1463 poeta
566 1385 666 1445 Our'dei‘
682 1387 883 1446 conmbnnata
903 1387 1009 1463 duplici
1026 1391 1064 1445 tt.
1085 1384 1219 1444 emittar
1239 1383 1343 1458 dequo

207 1481 317 1542 Varrrer
333 1491 360 1542 et
372 1484 466 1544 Canna
485 1485 689 1545 contubernales
710 1487 740 1544 in
760 1488 821 1545 suri
834 1486 966 1561 poenam
985 1486 1133 1564 meminere.
1155 1482 1195 1542 id.
1209 1487 1224 1553 i
1239 1484 1277 1555 58
1298 1480 1343 1538 Ae

193 1583 320 1656 primum
341 1583 495 1642 clarentum
517 1585 547 1642 in
567 1584 689 1660 Aeglaea
710 1586 741 1642 in
757 1586 857 1661 prema
878 1591 904 1641 et
923 1584 1010 1642 medea
1032 1585 1113 1642 ettam
1134 1579 1240 1657 syllaba
1261 1579 1341 1655 diph-

198 1679 316 1756 thongus
342 1701 397 1740 esse
417 1681 496 1742 debet.
545 1680 658 1740 Varrur
688 1682 797 1742 Cinnae
822 1681 1024 1740 contubernalis
1050 1681 1082 1738 in
1097 1680 1191 1755 premo
1214 1682 1341 1752 poeneate.

201 1775 291 1837 Hunc
312 1777 438 1839 Vanum
459 1780 586 1840 eundem
611 1779 700 1840 fuisse
722 1798 757 1840 ac
779 1779 889 1838 Varrus
911 1779 959 1838 uel
978 1778 1084 1838 Varius
1108 1776 1156 1836 uel
1176 1774 1272 1835 Varus
1294 1775 1341 1835 hic

200 1872 305 1934 Catulli
325 1878 430 1954 partim
451 1896 488 1938 ex
507 1878 593 1938 huius
609 1877 738 1938 carmine
752 1876 781 1936 X
795 1878 902 1955 colligo
922 1878 973 1936 ubi
994 1877 1078 1936 simul
1099 1884 1341 1936 commemoratur

201 1972 293 2034 Gaius
313 1973 409 2037 Cinna
431 1977 471 2051 (u.
487 1977 538 2052 30)
560 1977 665 2054 partim
685 1995 722 2035 ex
743 1975 853 2053 Vergili
874 1975 936 2035 Ecl.
951 1974 1004 2048 VI,
1019 1975 1072 2036 IX.
1118 1973 1196 2034 Nam
1217 1973 1266 2050 qui
1287 1972 1340 2030 Vl.

201 2073 262 2148 6,7
279 2072 382 2134 dicitur

424 2243 539 2302 namque
550 2235 633 2301 cuper
646 2224 701 2284 tibi
711 2230 795 2284 runt
806 2227 857 2300 qui
866 2224 954 2283 dicere
965 2223 1059 2284 leuas

370 2321 442 2382 Vare
453 2329 518 2383 tuas
530 2325 645 2399 cupr'ant
655 2330 681 2382 et
692 2323 787 2382 trritia
801 2322 889 2380 dicere
902 2321 971 2381 bella

286 2437 322 2479 to
564 2427 588 2480 te
601 2427 718 2492 nostroe,
738 2418 817 2492 Vare,
831 2422 951 2496 myricae

366 2515 405 2576 Te
417 2537 509 2578 nemus
522 2537 597 2580 omne
609 2526 693 2590 canet,
708 2537 755 2577 nec
767 2517 876 2578 Phoebo
885 2518 1001 2595 gratuler
1014 2517 1073 2575 ulla
1086 2521 1127 2574 ert

363 2615 454 2690 Quam
467 2617 525 2678 sibi
533 2635 603 2693 quae
620 2616 694 2677 Vari
698 2619 882 2693 praescripsi!
889 2618 996 2693 pagena
1010 2633 1111 2675 nemen.

201 2772 337 2852 idemque
345 2773 405 2836 ἸΧ.
422 2777 520 2853 26-29

361 2922 451 2984 Immo
463 2925 529 2985 haec
541 2945 610 3002 quae
627 2923 701 2984 Varo
714 2926 824 2984 necdum
832 2923 956 3003 perfecta
969 2923 1088 2982 canebat.

370 3023 441 3084 Vare
453 3031 531 3083 teum
544 3043 638 3083 nomen
650 3031 759 3100 creperet
769 3025 845 3082 modo
857 3021 984 3083 Mantua
997 3021 1083 3093 murt,

361 3119 488 3182 Marttua
502 3142 554 3182 uae
566 3125 683 3182 miserae
695 3122 811 3180 marram
825 3123 917 3180 mirica
934 3122 1094 3192 Cremonae,

365 3221 515 3282 Cantantes
526 3221 744 3298 subtemeserent
755 3221 797 3280 ad
805 3219 900 3279 ardre
913 3221 997 3297 cycni.

200 3393 249 3454 bic
266 3393 315 3453 uix
333 3403 430 3472 potest
447 3394 520 3454 alius
539 3412 603 3454 esse
623 3404 709 3472 atque
729 3393 775 3453 ille
789 3394 839 3472 qui
857 3401 962 3471 postea
980 3393 1010 3452 in
1029 3391 1134 3453 eadem
1147 3390 1260 3469 Ecloga
1274 3407 1342 3450 cum

201 3491 298 3555 Cinna
310 3503 339 3554 et
352 3492 465 3553 Ansere
479 3493 622 3554 inducitur
635 3511 683 3553 uu.
697 3507 744 3568 35,
756 3495 774 3550 6

362 3659 442 3721 Nam
455 3680 538 3738 neque
549 3661 641 3721 adhue
658 3660 733 3720 Varo
746 3661 841 3720 uideor
855 3679 900 3720 nec
914 3661 1000 3720 dicere
1014 3659 1109 3721 Cinna

363 3758 463 3838 Digna
475 3759 525 3819 red
534 3767 650 3837 argutos
663 3761 734 3819 inter
747 3767 865 3836 strepere
877 3779 961 3819 anser
974 3759 1068 3817 olores.

242 3949 321 4012 Nam
342 3952 388 4028 (1)
417 3950 491 4011 Varo
509 3951 557 4013 hic
577 3951 686 4012 hebent
705 3953 835 4030 plerique
855 3952 982 4025 codices,
1002 3970 1064 4012 non
1084 3951 1165 4029 quod
1185 3950 1343 4011 editoribus

201 4067 239 4110 ex
261 4049 362 4110 Seruio
383 4059 412 4110 et
433 4049 529 4111 Schol.
545 4050 633 4129 Cruq.
647 4050 755 4112 Horati
769 4051 803 4111 C.
817 4052 841 4112 1.
856 4054 875 4111 6
893 4052 1002 4130 placuit
1022 4051 1116 4124 Vario,
1137 4051 1218 4111 euius
1239 4050 1344 4110 erroris

201 4148 309 4208 multae
328 4149 514 4226 suppeditant
533 4168 638 4210 musae
654 4153 699 4224 (2)
714 4168 791 4227 quos
810 4169 905 4228 cycnos
918 4150 987 4211 dicit
1000 4152 1031 4209 in
1047 4169 1075 4210 u
1089 4169 1125 4226 29
1141 4148 1212 4208 Van’
1232 4166 1342 4208 nomen

201 4249 233 4308 in
253 4248 347 4308 sidera
367 4247 483 4320 laturos,
497 4248 618 4309 eosdem
637 4249 667 4308 in
685 4267 713 4308 u.
729 4251 767 4324 36
788 4250 875 4309 olores
896 4250 1030 4327 appellat,
1048 4248 1127 4309 unde
1148 4267 1215 4308 cum
1236 4248 1342 4307 eodem

201 4345 283 4406 Varo
302 4346 475 4406 coniunctos
495 4346 556 4406 iure
577 4347 739 4425 suspiceris,
754 4366 815 4408 non
834 4366 902 4408 cum
922 4347 1017 4408 alieno
1036 4345 1136 4418 Vario,
1158 4349 1203 4422 (3)
1221 4346 1343 4406 Videtur

201 4443 297 4504 Varus
308 4443 412 4505 Catulli
423 4445 500 4505 idem
510 4463 576 4506 esse
586 4455 674 4524 atque
684 4447 709 4507 is
721 4446 758 4507 de
769 4465 829 4523 quo
842 4446 1040 4525 Hieronymus
1054 4445 1092 4508 ad
1102 4445 1220 4506 Eusebii
1231 4444 1341 4505 Chron.

726 4569 820 4620 ΧΗ
