3146 5046
553 411 911 474 PROLEGOMENA.
1263 431 1300 470 xv

161 596 282 673 patriam
297 594 446 656 Veronam
461 614 479 654 a
493 595 656 657 Veronensi
676 596 826 656 reductum
832 593 850 655 ¹.
892 593 981 655 Vnde
1001 596 1120 666 uenerit,
1134 595 1300 672 ignoratum

161 696 254 770 potuit
275 693 455 754 aBritannia
475 695 521 754 uel
541 694 692 766 Hibernia,
706 695 801 771 potuit
821 691 1009 753 aGemiania
1028 692 1075 752 uel
1091 692 1193 765 Gallia,
1207 693 1302 770 potuit

161 793 248 850 etiam
268 795 307 852 ab
328 792 448 853 Oriente
469 794 516 852 uel
536 795 574 852 ab
595 793 731 870 Aegypto
751 793 859 852 uenire.
901 792 965 850 Iam
984 792 1062 851 enim
1081 810 1184 852 onmes
1203 802 1301 868 partes

160 893 239 952 orbis
260 893 462 952 scrutabantur
482 892 620 951 librorum
640 893 769 963 studiosi,
785 891 849 950 Itali
869 891 1008 967 inprimis,
1022 892 1127 968 quibus
1148 889 1301 950 Romano·

160 1009 224 1049 rum
245 992 352 1068 scripta
372 1003 510 1069 tanquam
531 989 722 1068 popularimn,
737 1008 807 1049 mox
827 991 912 1050 etiam
927 989 1108 1049 Graecorum
1129 1007 1214 1048 curae
1236 1007 1302 1049 esse

160 1100 327 1166 coeperant.
369 1089 416 1149 Ne
436 1089 541 1165 Anglis
561 1088 679 1167 quidem
704 1107 740 1147 ea
764 1107 833 1148 cura
858 1088 972 1159 deerat;
994 1088 1137 1165 siquidem
1158 1086 1301 1147 Ricardus

161 1185 333 1260 Buriensis¹‚
355 1189 404 1265 qui
425 1190 627 1266 episcopatum
647 1187 877 1247 Drmelmensem
898 1188 935 1246 ab
957 1207 1036 1247 anno
1055 1206 1130 1262 1333
1150 1205 1243 1264 usque
1263 1186 1302 1246 ad

163 1302 240 1362 ¹3⁴5
255 1289 356 1359 tenuit,
371 1287 441 1346 nihi]
461 1289 555 1364 magis
574 1287 604 1346 in
623 1288 704 1346 omni
719 1287 779 1345 uita
793 1287 947 1346 affectabat
960 1305 1048 1364 quam
1062 1296 1093 1345 ut
1107 1287 1195 1346 libros
1209 1285 1302 1345 unde-

161 1404 277 1463 cunque
298 1387 489 1462 conquireret,
512 1387 599 1462 idque
622 1396 654 1445 ut
678 1385 793 1456 iaceret
816 1404 877 1445 non
902 1387 996 1446 solum
1018 1386 1221 1446 mendicorum
1242 1402 1301 1461 ope

160 1485 294 1542 utebatur
314 1485 390 1542 orbis
410 1483 540 1542 onrdr‘tm
559 1479 812 1559 perlustrandum,
838 1484 890 1543 sed
914 1479 1115 1542 librariorum*
1139 1484 1226 1542 etiam
1247 1492 1302 1557 per

159 1599 275 1657 regnatne
287 1580 432 1640 Froncsue
448 1580 591 1640 Teutonr'ae
603 1589 629 1640 et
640 1580 743 1640 Italriee
755 1583 878 1639 nutritium
891 1581 1073 1656 comparabat.

200 1679 292 1752 Quod
313 1680 441 1739 studium
460 1680 485 1738 si
506 1680 536 1738 in
557 1679 657 1755 Angio
677 1678 738 1750 suit,
759 1697 884 1757 quorum
905 1679 1000 1739 adhuc
1020 1680 1051 1738 in
1071 1680 1198 1739 obscuro
1218 1687 1301 1738 erant

160 1777 265 1847 literae,
280 1787 391 1856 quanto
404 1778 498 1854 magis
512 1777 644 1836 initulis.

202 1876 303 1954 Itaque
322 1877 361 1936 ad
374 1877 524 1936 Veronam
542 1876 678 1935 reductus
697 1887 741 1935 est
755 1874 861 1935 Catulli
878 1876 949 1935 iiber
966 1876 1126 1952 etquidem
1140 1895 1193 1954 per
1206 1875 1299 1936 Vero-

163 1993 292 2044 nensem‚
307 1975 368 2034 siue
388 1975 450 2051 ipse
469 1993 536 2034 eum
555 1985 720 2050 reppererat
739 1975 799 2034 siue
819 1985 969 2034 curauerat
989 1975 1197 2051 indagandum,
1215 1975 1299 2032 annis

161 2073 271 2132 circiter
288 2087 478 2148 1300-1325.
518 2072 595 2132 Eum
609 2072 713 2132 librum
729 2073 861 2149 legerunt
879 2073 918 2132 ibi
939 2074 1061 2150 scn'ptor
1075 2072 1194 2132 Florum
1207 2073 1299 2132 Vero·

193 2302 201 2332 ¹
217 2304 353 2366 Conspsreri
363 2313 439 2366 potest
450 2319 542 2352 carmen
554 2305 650 2353 Musseti
662 2305 737 2368 (XIV.
754 2322 777 2367 p.
788 2301 822 2368 64
833 2306 868 2354 ed.
880 2303 993 2370 Pignosis)

223 2405 267 2451 Ad
276 2404 421 2466 Magistrum
434 2403 580 2452 Guizoedune
594 2405 766 2452 Grmnmotieoe
779 2403 938 2465 Professorene
954 2419 1006 2452 reon
1022 2405 1052 2452 ab
1068 2419 1094 2453 eo
1110 2404 1195 2454 librum
1214 2403 1302 2469 Virgiie‘

258 2487 301 2535 side'
312 2489 509 2536 oceonsrrsoduturn
519 2495 633 2549 repeteret.

423 2585 534 2649 tergitur
545 2585 649 2634 uotam
659 2601 745 2634 meeum
756 2596 859 2634 uersutus
869 2585 894 2633 e'rs
905 2601 958 2642 uno,

455 2667 565 2730 Tempore
575 2684 620 2731 quo
631 2667 727 2716 Putuuu
736 2669 817 2730 pulsus
827 2669 857 2716 ab
869 2668 977 2730 ere-desur'¹

421 2749 913 2800 Exuledexeernaeutrroeeeoneutieorne

454 2833 521 2880 Exilii
529 2841 616 2894 penus
626 2833 756 2880 sustinuisse
766 2833 851 2881 uolens.

421 2913 448 2962 ln
459 2915 556 2976 patriam
567 2915 631 2972 redii,
642 2915 719 2962 redeat
730 2931 820 2962 securus
830 2915 914 2976 etipse,

452 2997 485 3046 Ee
495 3013 568 3046 eomes
579 3008 600 3046 ee
611 2998 666 3046 etue
676 2999 706 3046 eie
717 2997 780 3046 uetur
791 2999 907 3060 antestis.

190 3095 203 3127 ¹
218 3097 279 3145 Vide
294 3098 342 3146 eius
353 3097 515 3153 ehitobibtion,
526 3111 595 3160 quem
607 3098 690 3146 librum
701 3113 748 3145 non
760 3099 858 3146 multum
869 3107 923 3146 ente
937 3107 1037 3146 mortem
1053 3095 1147 3160 scripsit.
1181 3097 1302 3164 ‘Affluree-

157 3187 234 3228 ‘rut
254 3181 304 3228 loeo
322 3181 435 3228 donarem
454 3189 476 3228 et
494 3179 601 3227 ioeoiiuns
620 3180 731 3231 tenuitati
747 3181 852 3244 puteani
871 3195 899 3228 ue
917 3181 1022 3243 decrepiti
1043 3181 1135 3236 codices,
1153 3181 1235 3228 nostris
1251 3191 1301 3228 tuns

157 3267 166 3288 ⁴
177 3261 304 3324 aspectibus
317 3277 387 3324 quone
401 3260 518 3325 affectibus
528 3262 628 3324 pretiosi.
666 3261 731 3310 Tune
741 3261 933 3310 nobilissimorum
943 3261 1131 3309 manaueriorurn
1142 3261 1302 3323 operiebantur

157 3351 165 3370 ¹
178 3345 287 3391 meis
298 3344 456 3405 reserebantur
466 3345 549 3391 scrinio
560 3353 582 3392 et
592 3344 686 3392 ciuuae
697 3343 850 3398 eduebonrur,
860 3352 882 3391 et
895 3352 938 3405 per
948 3343 1020 3407 ionga
1034 3343 1125 3390 soeculo
1141 3345 1164 3390 in
1178 3343 1302 3405 sepulchris

157 3425 946 3490 ‘mosdumdeoeeeprrgisrunturottonituquoequeinlocis
963 3426 1081 3473 tenebrosis
1095 3426 1211 3474 Iutummt
1227 3443 1302 3476 noune

157 3508 237 3556 ‘tuere
248 3509 323 3554 radiis
333 3509 513 3570 perfunduntur.
548 3507 709 3556 Delicotissr'mi
718 3509 835 3571 quondam
850 3507 905 3555 iibri
920 3509 1022 3569 compti
1037 3517 1058 3556 et
1075 3508 1236 3556 aioneinubr'ies
1252 3511 1301 3557 ione

157 3595 164 3617 ¹
175 3589 252 3654 efficti
262 3591 364 3638 neurim
371 3591 461 3654 quidem
466 3589 567 3652 foetidus
573 3591 671 3652 cooperti
677 3599 699 3638 et
707 3592 820 3637 nennium
828 3589 939 3637 morsibus
949 3589 1056 3638 terebrati
1066 3590 1169 3638 iacebunt
1179 3591 1300 3640 muniente?

157 3675 189 3734 (c.
202 3673 270 3720 vm.
283 3687 305 3734 p.
318 3682 363 3736 ²²7
375 3672 547 3734 edoceberis).
581 3673 656 3720 Notus
667 3682 718 3720 erat
729 3672 841 3719 Ricardus
852 3673 980 3728 Petsareae,
991 3687 1060 3734 quesn
1073 3673 1168 3720 fortasse
1179 3675 1300 3722 Auersione

155 3756 256 3808 uident,
268 3769 401 3816 quenquam
417 3756 486 3802 mem
498 3756 588 3802 Romae
599 3756 686 3811 fuerat:
704 3756 733 3802 ab
744 3770 773 3802 eo
784 3755 865 3802 dicitnr
874 3755 913 3802 uir
923 3756 1024 3803 arbutis
1034 3755 1121 3818 ingenii
1130 3771 1169 3803 nec
1179 3755 1301 3805 le'termnt

156 3838 243 3884 iareim
256 3837 368 3896 (Petrsrc.
378 3837 449 3898 Epist.
461 3853 484 3898 p.
493 3837 525 3885 80
537 3838 573 3885 ed.
582 3837 643 3886 Sem.
654 3837 752 3899 Crispini
763 3852 785 3885 a.
795 3834 878 3898 1601).

188 3916 200 3946 ¹
217 3919 284 3984 ‘Qu'
294 3920 455 3967 edwrnmntes
466 3934 531 3967 mure
541 3929 562 3967 et
572 3921 673 3975 aridum,
684 3919 745 3967 orbis
756 3919 866 3967 ambitum
877 3919 1049 3982 perlustrantes,
1061 3921 1235 3968 uniuersitoturn
1245 3933 1301 3983 quo·

155 4008 163 4028 ⁴
175 4017 221 4064 pue
231 4002 379 4048 diuersem
390 4001 565 4062 prmineiorurn
575 4001 695 4064 generalia
706 4002 783 4048 studio
796 4008 970 4063 perscrutantes,
981 4001 1063 4048 nutris
1073 4001 1189 4050 desideriis
1201 4001 1301 4050 militare

154 4083 434 4132 ‘uudebmwtissirno
445 4083 617 4145 spemereedis.’
650 4083 739 4132 Philob.
750 4083 781 4132 ib.
1162 4125 1165 4132 .

188 4163 199 4192 ⁴
216 4165 430 4212 ‘Statimioruns
446 4180 474 4212 ue
489 4165 639 4212 librariorum
655 4166 760 4214 note‘tieens
776 4181 821 4212 non
837 4165 911 4212 solum
926 4166 988 4212 intro
1002 4165 1087 4214 notoie's
1101 4165 1144 4214 sote·
1154 4166 1300 4227 prouinciam

153 4251 215 4296 ‘sed
230 4259 276 4311 per
291 4261 391 4312 regnum
409 4250 524 4297 Francioe
542 4249 666 4298 Tmtoniue
683 4261 705 4298 et
720 4250 806 4298 Italiae
824 4252 1008 4312 comparauirnus
1025 4251 1185 4312 dispersorum,
1195 4251 1302 4312 faciliter·

155 4339 162 4358 ⁸
171 4331 274 4393 pecuniis
281 4331 448 4393 praestolante:
464 4347 504 4380 nee
514 4347 550 4379 eos
561 4331 675 4380 udotmus
685 4331 804 4394 impediuit
814 4333 923 4380 duona
933 4349 1003 4395 respue
1008 4333 1082 4394 furor
1091 4335 1162 4380 muris
1170 4332 1300 4387 absterruit.

156 4419 217 4460 ‘see
234 4414 266 4460 eis
282 4429 321 4460 aes
335 4422 380 4475 pro
397 4423 494 4476 expenso
508 4414 588 4475 defuit,
599 4415 654 4478 quin
665 4416 699 4464 od
708 4431 749 4464 nos
760 4424 847 4477 optutus
858 4415 928 4468 tidros
939 4417 1115 4464 erasmum
1126 4415 1162 4463 set
1177 4413 1300 4477 efferrent!

159 4497 252 4546 Phiiob.
264 4499 296 4545 ib.
