3094 5052
539 393 758 460 CARMEN
790 395 889 462 LXII.
1225 401 1284 466 101

268 581 354 671 Qid
377 581 471 645 datur
492 602 513 646 a
533 582 618 647 diuis
639 583 728 648 felici
752 587 894 670 optatius
916 585 1017 650 hora?
1256 614 1289 662 30

225 733 356 820 Hymen
379 735 412 800 O
434 735 637 825 Hymenaee,
658 739 790 826 Hymen
813 741 889 804 ades
912 741 943 803 Ο
966 739 1176 826 Hymenaee!

630 947 793 1020 vyuumfs.

159 1057 189 1123 B'
224 1059 387 1146 Hesperus
408 1084 426 1126 e
451 1065 556 1148 nobis,
578 1067 731 1150 aequalis,
753 1067 889 1130 abstulit
911 1086 1018 1130 unam.

224 1899 347 1980 Hymen
368 1920 386 1962 o
410 1898 596 1982 Hymenaee,
620 1900 746 1983 Hymen
768 1899 844 1964 odes
867 1919 885 1962 o
908 1899 1112 1982 Hymenaee!

642 2104 786 2148 IVVENES.

268 2443 419 2528 Namque
442 2455 499 2509 tuo
520 2445 660 2510 aduentu
683 2448 798 2531 uigilet
820 2447 966 2511 custodia
987 2466 1123 2532 semper,

178 2695 216 2742 30.
252 2681 368 2732 acm?
432 2677 599 2733 adaturab²
669 2683 827 2751 optaciusO
898 2683 986 2735 oraV
1058 2681 1149 2736 oribe
1219 2682 1288 2736 urbe

144 2767 222 2818 marg.
234 2751 303 2803 hora
314 2751 341 2805 h.

177 2837 216 2884 3¹·
254 2820 383 2890 Kymeno
396 2820 546 2889 hymenaee
558 2820 725 2892 kymenades
737 2839 754 2876 ο
767 2821 901 2892 kymenee
914 2826 942 2877 T.

177 2897 261 2958 32-38
279 2911 329 2944 om.
344 2892 377 2957 A,
390 2894 412 2944 L
425 2911 443 2945 a
455 2912 490 2944 nr.
497 2905 542 2962 pr.

178 2978 217 3026 3²·
253 2963 359 3030 puellae
371 2965 498 3032 margon
603 2971 644 3018 est
651 2963 799 3035 proeHh²
867 2995 873 3005 ·
904 2965 1062 3033 aequalis?
1160 2966 1288 3035 aequales

544 3045 547 3059 ¹
559 3045 561 3068 Ι

147 3083 278 3136 auzona
431 3085 554 3148 aequales
570 3086 595 3138 G
746 3085 887 3155 aequalem
901 3083 1133 3140 cuichelmum
1148 3086 1287 3140 Pleitnerw

144 3155 243 3207 sustulit
256 3154 395 3208 Pleimerus
487 3154 618 3221 huuamb
706 3158 765 3210 *ona
776 3157 807 3208 h²
889 3171 971 3209 unam
983 3175 1001 3210 a
1089 3158 1215 3226 Hespere
1227 3157 1288 3226 quis

145 3224 216 3277 nobis
232 3225 375 3294 aequalem
392 3225 461 3279 hanc
479 3227 589 3280 abstulit
605 3243 686 3279 unam
699 3229 776 3297 Bapt.
790 3229 918 3281 Guarinus
931 3226 1099 3294 casaubonus,
1111 3229 1176 3281 bura
1188 3246 1288 3281 uersum

145 3313 195 3346 eron
212 3297 292 3349 tribus
310 3299 352 3364 qui
369 3309 484 3350 secuntur
494 3297 592 3366 puellis,
605 3299 642 3350 At
655 3295 751 3351 libet-
757 3299 907 3366 hymenaee
925 3298 1050 3351 iuuenibus
1069 3299 1211 3352 tribuentes.
1247 3300 1288 3352 Sic

144 3368 215 3418 num
233 3369 332 3420 Vossius
353 3367 422 3436 Vulp.
441 3369 592 3437 Doeringius
610 3369 720 3438 Silligius
739 3371 898 3439 Hartungius
918 3369 1054 3422 Koechlius.
1091 3370 1140 3422 Sed
1146 3379 1206 3438 post
1218 3388 1242 3422 u.
1255 3387 1285 3434 3²

145 3439 256 3490 excidisse
285 3437 372 3506 aliqua
399 3441 453 3492 iam
478 3439 542 3491 cudit
567 3440 703 3493 Auantius.
751 3444 785 3492 60
816 3459 900 3492 uersus
930 3440 1069 3493 desiderari
1098 3441 1288 3508 Lachmannus,

148 3522 176 3569 30
185 3509 317 3578 Harpina,
330 3511 434 3579 Quaeri.
444 3509 537 3562 Catuli.
546 3521 574 3579 p.
583 3515 625 3576 48,
635 3513 748 3580 opinatus
760 3520 806 3563 est.
833 3510 999 3563 Froehlc'cbius
1012 3511 1173 3564 Hemannuc
1186 3512 1288 3578 Hcysius

146 3577 303 3632 Rossbachius
323 3580 461 3634 Pleitnerus
480 3581 576 3633 Riesius
595 3587 735 3646 uum-38
754 3583 862 3634 induas
882 3583 999 3650 strophas
1018 3583 1131 3651 priorem
1151 3583 1288 3650 uirginum,

145 3649 252 3702 insenum
269 3651 382 3703 aiteram
399 3651 560 3704 distribuunt.
596 3652 762 3706 Rossbachius
781 3655 796 3703 6
816 3671 900 3705 uersus
921 3655 947 3705 in
969 3664 1074 3720 utraque
1088 3653 1178 3722 ponc,-
1191 3654 1288 3774 prioris

145 3722 203 3772 enim
214 3724 332 3790 strophae¹
343 3733 463 3790 quartum
480 3741 503 3776 u.
515 3741 567 3775 esse
578 3721 704 3791 Namque
721 3729 770 3775 tuo
785 3723 912 3788 aduentu,
924 3733 1023 3775 sextum
1037 3723 1148 3792 Hymen
1162 3739 1179 3776 ο
1211 3738 1287 3791 yme-

147 3805 215 3857 naee,
232 3791 339 3845 alterius
360 3794 491 3846 secundum
511 3792 602 3846 Nocte
623 3793 709 3846 latent
730 3793 812 3860 sureS,
832 3805 860 3846 ui
879 3795 906 3848 in
927 3795 976 3846 hac
997 3813 1059 3848 unus
1080 3804 1181 3847 tantum
1202 3813 1288 3846 uersus

146 3865 246 3914 amima
264 3865 306 3929 sir,
318 3865 346 3915 in
363 3865 410 3917 illa
428 3874 555 3931 quattuor.
591 3865 730 3918 Pleitnencs
744 3883 759 3930 9
773 3883 857 3918 uersus
875 3867 902 3918 in
921 3875 1026 3934 utraque
1038 3867 1118 3935 ponit,
1134 3875 1159 3916 et
1176 3863 1288 3918 alteram

146 3936 269 4002 stropham
281 3945 361 3987 censet
372 3954 390 3987 a
403 3953 476 3987 uersu
487 3937 602 4004 incepisse
613 3938 728 3988 iuuenum
743 3933 883 4003 Hesperus
895 3951 911 3988 e
924 3934 1002 3988 nobis
1015 3975 1022 3988 .
1036 3975 1043 3988 .
1056 3934 1186 3988 ‚abstulit
1202 3951 1287 3988 unum

146 4005 219 4068 qualis
235 4015 273 4058 est
290 4005 334 4058 ille
352 4005 479 4074 uirginum
498 4025 522 4058 u.
540 4023 570 4070 3²
596 4006 737 4074 Hesperus
758 4022 774 4059 e
797 4006 874 4060 nobis
894 4004 965 4059 abst.
984 4023 1075 4060 unam.
1121 4009 1239 4060 Vsenerus
1262 4018 1289 4059 et

149 4073 264 4128 Frankius
287 4093 301 4139 7
323 4095 441 4129 uersuum
463 4088 595 4146 utramque
609 4078 724 4144 faciunt,
741 4087 767 4130 et
786 4079 822 4130 sic
843 4079 902 4130 olim
923 4079 974 4146 ipse
988 4077 1124 4144 ficerom‚·
1148 4096 1212 4130 nunc
1230 4097 1287 4131 cum

149 4144 292 4200 Froebiicbc'o
307 4158 333 4199 et
349 4149 431 4202 Riesio
444 4152 459 4198 8
473 4166 557 4200 uersus
574 4150 601 4202 in
618 4158 723 4218 utroque
735 4161 809 4218 pono,
824 4167 928 4217 quorum
945 4149 1045 4217 primus
1062 4150 1096 4201 sit
1114 4145 1254 4216 Hesperus
1270 4165 1287 4201 e

148 4215 225 4282 uobis,
237 4229 339 4271 oerouus
353 4218 465 4286 Hymen
482 4234 501 4270 o
517 4218 676 4286 hymenaee,
689 4221 830 4273 undecimus
843 4219 969 4288 Namque
984 4226 1032 4272 tuo
1049 4219 1178 4273 aduentu.
1214 4219 1286 4272 Nam

147 4295 168 4334 ct
182 4290 267 4354 optime
282 4290 319 4342 sic
336 4289 481 4357 respondent
496 4291 629 4360 stropham
647 4309 701 4342 cum
713 4293 781 4343 inter
791 4309 905 4343 numeros
916 4292 1044 4343 senarium
1057 4290 1169 4359 (ao-25,
1185 4288 1286 4358 26-31)

147 4355 313 4427 denariumque
330 4357 443 4427 (39-48‚
463 4359 566 4428 49-58)
588 4372 653 4413 recte
669 4363 844 4432 interponatur
861 4363 1018 4429 octonarium
1035 4371 1060 4414 et
1076 4361 1140 4414 hunc
1156 4379 1286 4414 nmmum

140 4425 216 4490 fuisse
224 4433 251 4482 in
262 4431 394 4500 archetypo
405 4431 487 4484 mulia
499 4431 621 4484 indicant.

179 4517 208 4563 4²
222 4500 295 4570 (33).
331 4509 379 4568 tue
392 4503 421 4553 H
488 4501 610 4555 custodia
622 4501 660 4556 1³².
