3118 5054
564 400 927 462 Pkottconsxn
1256 405 1324 460 1221:

171 599 246 642 naso
260 584 371 643 multus
385 603 418 643 es
430 591 457 644 R
470 586 583 661 paticus
674 585 793 646 Metilia
886 586 1009 662 simu
1099 588 1184 645 lai-s
1273 591 1325 664 qui

169 693 245 758 quot
381 685 531 744 contendo
546 685 582 744 sit
596 685 680 743 diues
692 687 785 746 instar
914 699 1045 762 potesset
1175 703 1218 744 iot
1231 690 1324 746 modo

170 781 234 857 ipse
248 799 265 838 a
376 783 510 841 bactiade
618 783 678 856 Qm'
693 799 722 841 te
832 783 914 842 Telis
928 786 1066 843 ‘mes-’m
1080 787 1193 844 minere
1207 806 1323 863 110⁵.ssae

169 891 261 955 oeput
363 879 431 939 hinc
445 881 570 954 ualuisse
669 884 814 941 euitamm
827 886 933 941 amica
1031 897 1063 941 m
1078 885 1161 944 dahis

695 1232 795 1292 'lituli

212 1377 245 1461 II
267 1379 368 1440 Fletus
388 1381 514 1458 passeris
532 1381 640 1440 Lesbie
729 1383 776 1440 IV
796 1381 843 1440 De
861 1383 982 1458 phaselo
1070 1381 1101 1438 V
1121 1385 1170 1442 Ad
1185 1383 1323 1443 lesbiam

168 1479 216 1537 VI
238 1479 288 1538 Ad
303 1477 437 1538 Flauium
504 1481 564 1539 VII
586 1481 635 1538 Ad
649 1479 786 1540 Lesbiam
854 1481 930 1539 VIII
952 1483 1001 1540 Ad
1016 1484 1146 1557 seipsum
1208 1483 1254 1541 IX
1274 1485 1324 1542 Ad

170 1577 347 1636 Vemnnum
442 1577 487 1636 XI
509 1579 557 1638 Ad
571 1579 690 1637 Furium
707 1587 733 1638 R
753 1580 904 1637 Aurelium
998 1580 1058 1638 XII
1081 1582 1130 1638 Ad
1145 1581 1326 1660 Marruuium

174 1677 312 1734 Asinium
435 1676 512 1736 XIII
535 1679 583 1736 Ad
604 1678 757 1736 fabullum
891 1679 966 1736 XIV
987 1681 1035 1737 Ad
1056 1679 1185 1738 (saluum
1207 1697 1325 1756 pretam

173 1774 233 1832 XV
255 1777 304 1834 Ad
319 1775 469 1834 Aurelium
581 1776 654 1834 XII
677 1777 725 1835 lld
739 1778 889 1834 Aureum
907 1786 933 1837 R
950 1778 1055 1834 furlum
1165 1779 1255 1836 XVII
1278 1781 1327 1838 ,ld

172 1875 313 1933 Amicum
395 1873 470 1933 XXI
491 1875 539 1935 Ad
553 1875 704 1934 Aurelium
783 1876 876 1935 XXII
898 1878 946 1934 ,td
960 1877 1071 1934 Varum
1147 1877 1255 1935 XXIII
1277 1879 1326 1935 Ad

172 1973 293 2032 Furium
390 1973 495 2033 XXIV
515 1976 564 2033 Ad
578 1976 715 2033 Amicum
824 1975 913 2032 XXV
934 1977 983 2034 Ad
998 1977 1115 2033 TaZum
1219 1977 1324 2035 XXVI

172 2072 223 2130 Ad
237 2073 358 2132 Furium
447 2073 565 2132 XXVII
589 2075 636 2132 Ad
650 2075 819 2150 pincernam
834 2094 920 2132 suum
1010 2075 1146 2132 XXIIII
1169 2076 1217 2133 Ad
1232 2075 1325 2134 Vera-

172 2175 255 2232 nium
269 2179 295 2232 R
310 2171 463 2230 Fabullum
544 2172 649 2230 XXIX
670 2174 718 2231 Ad
732 2172 892 2230 Romulum
906 2172 1085 2232 Catandtum
1166 2173 1254 2230 XXX
1276 2174 1326 2231 Ad

172 2273 343 2350 Alphenum
425 2272 529 2331 XXXI
552 2273 598 2332 Ad
613 2273 749 2331 Sirmium
763 2275 888 2331 ursulam
963 2273 1082 2331 XXXII
1105 2275 1152 2332 Ad
1167 2275 1325 2351 lpsithila3

172 2373 310 2432 XXXIII
332 2371 382 2430 Ad
396 2371 573 2430 Vibennium
589 2383 702 2447 patrem
716 2381 742 2432 R
759 2373 849 2430 filium
931 2373 1065 2430 XXXIV
1086 2372 1213 2431 Carmen
1228 2373 1327 2430 Diane

172 2471 314 2530 Inlaudes
390 2469 507 2528 XXXV
527 2471 576 2529 Ad
590 2469 701 2528 cecilio
716 2472 795 2528 nibet
809 2472 903 2528 libello
918 2471 979 2550 loq.
1052 2470 1185 2528 XXXII
1209 2471 1326 2529 Inuehit

173 2569 328 2629 Inuolusii'i
341 2576 429 2645 poeti
479 2568 628 2626 XXXVII
643 2569 691 2628 Ad
705 2567 940 2627 Contubemales
988 2577 1054 2645 pos!
1066 2571 1213 2626 semitauri
1228 2569 1326 2627 mechi

173 2669 222 2728 Ad
235 2668 396 2744 Egnatium
410 2668 577 2728 celtibermn
677 2667 733 2726 XL
753 2669 802 2726 Ad
816 2669 948 2726 muidum
1045 2669 1149 2728 XLIII
1170 2669 1217 2726 De
1231 2672 1326 2727 amita

172 2767 322 2826 Formiani
336 2767 440 2824 eadem
554 2765 656 2823 XLIV
677 2767 726 2824 Ad
744 2765 868 2824 lundmn
983 2765 1068 2824 XLV
1090 2767 1195 2824 Scribit
1209 2785 1325 2824 amores

174 2865 308 2943 SeptImii
322 2873 348 2925 R
362 2883 462 2924 acmes
563 2865 663 2923 XLVI
685 2867 734 2924 Ad
748 2867 877 2942 seipsum
890 2866 1040 2941 epigrama
1139 2865 1256 2924 XLVII
1279 2866 1326 2924 De

173 2965 286 3022 mendo
307 2964 455 3039 &pisone
477 2965 693 3040 corruptoribus
805 2964 939 3024 XLVIII
960 2965 1010 3022 Ad
1031 2965 1180 3022 inuentum
1202 2984 1325 3040 puerum

173 3062 276 3121 XLIX
298 3061 347 3121 Ad
361 3061 494 3120 Marcum
509 3061 638 3120 Tullium
653 3062 796 3121 Cicerone
877 3061 904 3120 L
925 3064 973 3121 Ad
987 3063 1132 3122 Licinium
1215 3061 1256 3122 LI
1277 3065 1326 3121 Ad

173 3161 297 3237 Lesbia3
378 3160 436 3218 LII
457 3161 493 3218 In
507 3161 630 3218 nonium
720 3160 775 3219 LV
797 3162 845 3219 Ad
860 3161 1027 3220 Camerium
1111 3161 1182 3219 LVI
1204 3163 1252 3220 nd
1267 3160 1325 3220 Ca-

174 3271 276 3319 tonem
392 3259 479 3318 LVII
500 3260 548 3318 Ad
563 3259 676 3318 Celium
691 3259 728 3318 de
743 3261 848 3319 Lesbia
867 3279 920 3318 sua
1036 3259 1140 3318 LVIII
1162 3261 1198 3319 In
1212 3259 1325 3318 Rufum

167 3358 246 3418 LXI
268 3357 495 3434 Epithalamium
509 3357 592 3417 Lulie
607 3378 622 3416 z
637 3359 730 3416 Malui
810 3357 898 3416 LXII
921 3357 1146 3436 Epithalamium
1221 3357 1325 3416 LXIII

174 3456 221 3518 De
237 3456 419 3516 Berecinthia
433 3467 461 3514 et
474 3458 514 3516 ati
612 3457 713 3516 LXIV
734 3459 934 3533 Aigonautioe
1026 3455 1110 3514 LXV
1130 3457 1180 3514 Ad
1194 3455 1326 3515 Onalem

174 3555 310 3616 LXVIII
333 3555 381 3614 Ad
395 3553 529 3614 Mallium
611 3554 713 3613 LXIX
734 3555 769 3612 ln
784 3555 895 3614 Rulum
986 3555 1102 3612 LXXII
1124 3555 1173 3613 Ad
1187 3553 1326 3612 Lesbiam

174 3652 306 3712 LXXIV
327 3653 375 3711 Ad
389 3653 503 3712 Lelium
573 3653 686 3716 LXXV
708 3655 757 3712 Ad
772 3655 909 3712 Lesbiam
972 3653 1119 3712 LXXVII
1142 3652 1189 3710 Ad
1204 3651 1325 3710 Rullum

174 3752 292 3812 LXXX
313 3753 360 3811 Ad
375 3751 502 3812 Gellium
615 3752 744 3810 LXXXI
766 3753 815 3811 Ad
833 3753 999 3811 iuuencium
1109 3749 1255 3808 LXXXII
1278 3751 1327 3808 nd

175 3852 320 3929 quintium
463 3851 628 3908 LXXXIII
648 3851 696 3910 Ad
711 3851 836 3909 Illullum
979 3849 1122 3910 LXXXV
1144 3849 1191 3908 De
1206 3849 1327 3920 Quintia

174 3950 368 4010 LXXXVIII
391 3950 438 4008 Ad
453 3950 587 4010 Gelium:
684 3949 844 4008 LXXXIX
864 3950 949 4008 Idem
964 3950 1002 4008 ad
1017 3949 1144 4007 Gellium
1238 3949 1326 4007 XCll

172 4049 221 4109 De
237 4051 367 4109 Lesbia·
435 4049 537 4108 XCIII
561 4049 596 4106 ln
610 4048 749 4107 Cesarem
840 4047 940 4106 XCVI
963 4048 1011 4105 Ad
1026 4048 1141 4106 caluum
1224 4045 1326 4105 XCIX

176 4151 223 4210 nd
245 4151 414 4209 quentium
536 4148 561 4208 C
585 4149 619 4206 In
641 4147 754 4207 Collum
776 4148 976 4220 &Quintium
1106 4146 1147 4206 Cl
1170 4147 1268 4205 Fletus
1290 4147 1327 4205 de

176 4269 275 4310 amore
291 4247 357 4329 (sic)
372 4248 465 4306 fratris
580 4247 639 4306 CII
661 4247 709 4307 Ad
723 4246 894 4306 Cornelium
1010 4245 1084 4304 CIII
1107 4247 1156 4304 Ad
1178 4246 1326 4322 quendam

176 4350 248 4410 CIV
270 4349 318 4408 Ad
340 4347 498 4421 Quendam
593 4345 649 4405 CV
669 4346 716 4405 De
736 4347 799 4404 eius
820 4345 954 4404 Mentula
1055 4344 1125 4403 CVI
1151 4343 1198 4402 De
1220 4344 1327 4404 Obello

176 4467 267 4525 puero
361 4445 449 4506 CVII
471 4445 519 4504 Ad
533 4444 671 4504 Lesbiam
764 4443 867 4503 CVIII
890 4444 926 4502 In
942 4443 1089 4520 quendam
1186 4441 1256 4500 CIX
1280 4441 1327 4499 Ad
