3074 5066
534 399 761 462 CARMINVM
787 399 979 461 CATVLLI.
1269 403 1330 458 837

176 590 263 650 cibus
281 597 367 648 notas
382 605 534 664 superesse
549 586 694 663 intellego.
745 586 833 646 Velut
853 605 972 646 cannen
987 605 1048 664 quo
1061 588 1167 646 librum
1188 603 1273 646 orsus
1286 597 1331 648 est

175 696 277 763 partes
297 687 386 746 habet
406 686 460 745 has
482 689 655 758 84.44.2:
679 701 803 762 quarum
824 685 908 761 signa
930 684 984 764 (sic
1005 684 1084 743 enim
1105 682 1215 763 habeo)
1232 695 1332 744 extant

176 784 210 842 in
224 785 345 860 antiquo
360 783 463 844 codice
478 783 561 842 Sacc.
576 782 605 840 X
619 783 667 841 uel
681 781 725 840 XI
740 781 933 841 bibliothecae
949 780 1072 857 Collegii
1087 781 1237 842 Trinitatis
1252 782 1331 858 apud

177 880 376 941 Oxonienses.
429 879 508 940 Nam
529 897 610 940 nono
631 880 728 940 uersui
749 897 768 938 a
788 879 891 938 dextro
912 879 999 940 latere
1024 881 1149 956 paginae
1172 881 1331 957 ascriptum

177 989 224 1037 est
246 991 268 1074 χ
288 997 297 1050 ;
319 978 405 1038 tertio
426 977 542 1037 decimo
556 987 615 1049 >;
637 977 763 1054 septimo
777 977 894 1037 decimo
920 981 957 1057 Υ;
979 977 1081 1036 ultimo
1110 981 1139 1068 1.
1179 977 1332 1038 Praeterea

177 1076 311 1151 exceptis
341 1077 474 1135 uersibus
505 1085 630 1152 quatuor
665 1075 773 1151 primis,
801 1074 852 1132 ubi
884 1085 1002 1150 propter
1036 1075 1177 1134 maiorem
1209 1075 1331 1134 litteram

177 1173 306 1248 spatium
327 1173 436 1244 deerat,
456 1191 509 1250 per
530 1182 625 1231 totum
650 1189 769 1231 carmen
791 1171 951 1231 hexametri
972 1191 1040 1231 cunr
1064 1173 1253 1248 pentametris
1275 1171 1331 1232 hac

178 1281 251 1330 nota
267 1272 395 1348 copulati
417 1281 484 1331 sunt
500 1267 551 1353 ⁶(-
592 1270 733 1329 Eiusdem
747 1270 810 1329 libri
823 1271 992 1347 proximum
1005 1289 1124 1330 cannen
1138 1281 1206 1348 post
1220 1272 1332 1348 primos

178 1377 238 1426 tres
252 1385 363 1438 uersus,
379 1377 493 1428 ceteros
506 1367 595 1426 habet
608 1366 713 1425 eadem
726 1376 797 1424 nota
811 1369 873 1422 nori
887 1366 933 1423 dio
948 1367 1100 1428 distinctos
1114 1367 1172 1428 hoc
1185 1368 1277 1428 modo
1289 1449 1292 1454 Ι

507 1495 646 1557 Terrenis
660 1496 801 1572 quociens
815 1496 931 1557 flatibus
945 1507 1031 1558 aucta

468 1515 621 1656 q(Crescit
635 1593 665 1651 in
679 1581 847 1652 in‘rnensum
861 1595 950 1654 noxia
964 1613 1034 1654 cura

179 1743 327 1804 Carminis
351 1743 395 1801 VI
417 1747 508 1820 σχῆμα
528 1754 572 1804 est
593 1723 756 1818 ’64.54.3,
777 1749 806 1801 et
828 1743 869 1802 sic
894 1742 925 1800 in
949 1742 1099 1802 codicibus
1123 1740 1332 1805 Canonicianis

183 1844 251 1915 183,
268 1859 326 1916 303
346 1841 513 1904 distinctum
527 1851 580 1912 est,
595 1858 763 1919 quanquam
782 1839 884 1899 ultimo
903 1857 1027 1898 numero
1045 1857 1107 1898 non
1128 1839 1282 1917 designato
1302 1842 1332 1902 in

182 1957 251 2029 18³·
280 1953 494 2014 Carminisl'ss
509 1959 598 2028 σκῆμα
609 1955 667 2014 hoc
678 1955 754 2015 facio
770 1936 788 2027 i
803 1935 821 2031 ὁ
838 1936 855 2012 ὅ
872 1935 936 2030 ὁ4
952 1951 1210 2032 (rasa-saon
1225 1951 1332 2032 aaa).

178 2061 354 2130 exstantque
376 2063 464 2112 notae
482 2062 596 2129 praeter
615 2053 748 2112 ultimam
770 2053 800 2111 in
821 2051 1028 2112 Canonicianis
1054 2054 1120 2124 182,
1140 2054 1206 2127 ι83.
1248 2052 1289 2111 11.
1314 2071 1330 2112 a

179 2159 279 2226 partes
300 2149 390 2208 habet
411 2148 465 2208 has
488 2152 578 2222 8⁶42,
599 2168 675 2227 quae
700 2151 741 2210 sic
762 2159 880 2208 notatae
905 2157 972 2208 sunt
992 2150 1023 2207 in
1044 2146 1117 2208 Can.
1140 2168 1208 2224 303.
1249 2149 1289 2208 11.
1313 2169 1332 2225 3

179 2255 279 2323 partes
300 2246 389 2305 hahet
406 2246 460 2304 has
476 2266 514 2319 44
525 2287 532 2303 .
543 2266 581 2320 44
593 2267 626 2305 ‚2
649 2265 725 2324 quae
746 2247 776 2306 in
791 2246 864 2306 Can.
881 2263 940 2320 303
960 2255 1060 2304 extant
1081 2265 1194 2317 omnes,
1209 2248 1333 2307 eaedem

179 2343 293 2403 omissa
312 2355 461 2420 postrema
482 2345 569 2403 etiam
590 2345 621 2403 in
645 2348 711 2420 183.
752 2343 827 2404 ΙΙ.8
856 2345 887 2402 in
912 2344 972 2402 duo
997 2343 1116 2404 dimidia
1137 2345 1259 2404 scissum
1280 2354 1333 2416 est,

180 2471 327 2536 utrimque
345 2477 380 2534 ¹5
395 2479 532 2519 uersuum
541 2481 549 2534 5
573 2463 623 2538 qui
636 2479 735 2520 nusus
749 2461 792 2520 sic
806 2460 974 2521 diuiduntur
990 2441 1108 2518 aa'aaaa
1120 2503 1127 2517 .
1139 2442 1174 2534 3η
1183 2439 1332 2535 334423.

181 2555 241 2616 His
261 2575 299 2616 ex
319 2557 448 2616 numeris
469 2558 586 2617 nonnisi
607 2569 726 2635 quartus
747 2569 905 2635 sextusque
926 2567 996 2616 nota
1013 2566 1113 2616 carent
1127 2557 1158 2614 in
1172 2555 1332 2629 Can.182;

185 2660 242 2731 183
266 2667 368 2717 notam
391 2667 459 2734 post
485 2676 534 2716 uu.
554 2673 598 2731 15,
622 2672 658 2733 ιγ
681 2658 885 2718 tantummodo
910 2657 1005 2717 adicit.
1065 2656 1153 2715 111.2
1174 2679 1205 2709 =
1225 2659 1332 2717 6.1o.

185 2773 223 2813 ro
233 2799 239 2813 .
251 2769 267 2830 7
278 2763 340 2829 ÷5,
355 2764 512 2832 extantque
529 2765 617 2814 notae
632 2756 662 2814 in
677 2753 750 2814 Can.
766 2758 831 2830 183.
874 2753 933 2814 Sed
948 2771 1009 2813 non
1028 2772 1107 2830 nego
1124 2755 1262 2814 minutius
1275 2754 1334 2815 hoc

182 2871 302 2912 carmen
316 2864 434 2929 poetam
448 2853 579 2929 potuisse
593 2854 769 2930 distinguere
787 2854 828 2912 sic
851 2871 906 2928 33.
917 2871 976 2927 433
988 2897 994 2910 .
1006 2871 1053 2926 23,
1071 2871 1126 2926 23·
1140 2871 1176 2912 aa
1188 2897 1194 2910 .
1206 2872 1223 2928 3
1234 2863 1275 2918 .÷
1286 2872 1333 2928 23,

181 2951 261 3010 unde
291 2950 414 3011 tortasse
439 2950 591 3027 explicatis
615 2962 716 3010 notam
744 2950 831 3010 etiam
855 2969 884 3009 ιι.
906 2968 941 3026 3ι
969 2949 1146 3027 adscriptam
1171 2950 1202 3008 in
1227 2951 1333 3011 eodem

183 3045 310 3107 codice¹.

223 3147 338 3207 Eadem
355 3146 415 3206 iere
433 3167 469 3206 ex
484 3148 604 3224 antiquo
622 3147 725 3206 codice
743 3146 850 3223 colligo
864 3141 1027 3205 Prudenti².
1069 3145 1105 3204 ln
1119 3147 1177 3206 hoc
1197 3147 1334 3223 strophae

183 3243 332 3320 (ἰσόμετροι
356 3252 424 3302 sunt
451 3244 510 3303 sere
535 3262 648 3314 omnes,
673 3244 726 3304 sed
750 3243 880 3303 eiusdem
905 3261 1021 3321 semper
1044 3244 1158 3302 numeri
1182 3241 1332 3320 uersuum)

182 3341 314 3419 praefixa
334 3343 444 3401 maiore
465 3342 547 3401 litera
568 3343 663 3418 primo
685 3341 821 3418 strophae
843 3341 982 3418 cuiusque
999 3342 1095 3400 uersui
1115 3341 1190 3402 inter
1204 3359 1235 3401 se
1250 3360 1334 3419 sepa·

182 3450 291 3498 rantur.
335 3438 394 3499 Sed
414 3438 559 3498 interdum
580 3457 635 3516 pro
655 3457 764 3515 magna
783 3439 865 3496 litera
883 3439 983 3498 initiali
1004 3448 1054 3498 aut
1073 3457 1126 3515 per
1143 3457 1270 3498 errorem
1285 3450 1335 3500 aut

182 3538 239 3596 alia
253 3555 312 3613 qua
326 3555 415 3596 causa
428 3537 526 3596 minor
539 3536 647 3614 scripta
660 3547 704 3596 est
712 3555 721 3610 ;
743 3547 775 3596 ut
791 3537 877 3596 unius
892 3535 1030 3614 strophae
1045 3537 1172 3613 speciem
1187 3539 1333 3614 praebeat,

183 3652 245 3693 non
268 3634 401 3693 duarum.
450 3635 499 3694 Sic
521 3634 708 3694 Prooemium
733 3633 868 3712 strophas
891 3633 982 3694 habet
1005 3635 1182 3711 quindecim,
1208 3635 1335 3696 maiores

182 3731 281 3790 literas
303 3731 459 3791 duodecim
484 3750 509 3802 r,
533 3746 559 3807 7,
581 3750 626 3804 ιο,
645 3733 690 3803 ι6,
714 3751 762 3802 sa,
786 3747 833 3806 25,
857 3735 904 3802 28,
927 3751 975 3808 31,
999 3751 1046 3807 34,
1070 3747 1117 3807 37,
1140 3751 1189 3804 4ο,
1211 3750 1270 3807 43ι
1292 3734 1334 3796 sic

182 3827 413 3888 Cathemerinon
438 3829 492 3901 IX,
517 3831 563 3889 cui
591 3831 720 3907 praefixa
746 3829 819 3890 haec
847 3839 891 3889 est
918 3831 1003 3890 metri
1029 3831 1160 3890 definitio
1184 3829 1334 3891 ‘orcarum

184 3932 191 3957 ‘
206 3926 376 3985 trochaicum
392 3925 585 3986 Arckrlor'com
606 3929 757 3986 monocolon
774 3929 945 4004 trdtropkon
965 3928 1038 4004 quod
1048 3937 1102 4003 per
1115 3929 1197 4003 pedes
1217 3929 1335 4004 duplices

183 4021 320 4100 ‘sertum'
335 4041 453 4099 perraro
472 4025 607 4101 strophas
624 4025 712 4085 habet
726 4027 801 4086 inter
815 4045 846 4087 se
860 4037 910 4086 aut
924 4025 1082 4084 maioribus
1102 4025 1190 4085 literis
1210 4037 1259 4086 aut
1277 4028 1334 4090 alio

184 4121 272 4196 signo
294 4119 453 4192 distinctas,
468 4139 681 4198 saepenumero
701 4125 841 4183 maiorem
860 4124 973 4182 literam
990 4141 1045 4182 nec
1065 4133 1175 4182 mutata
1197 4127 1334 4203 stropha;

183 4218 226 4278 sic
248 4218 409 4296 Peristeph.
425 4218 478 4291 VI,
501 4222 581 4298 quod
602 4221 863 4300 chdecasyllabis
884 4231 1008 4293 constat,
1031 4223 1060 4281 in
1082 4223 1216 4301 strophas
1237 4237 1335 4289 autem

217 4379 226 4408 ¹
245 4381 303 4428 Vide
314 4391 381 4430 notas
398 4385 558 4447 scripturarum
573 4403 629 4449 quas
647 4388 670 4435 ln
687 4387 732 4436 fine
748 4386 854 4437 editionis
872 4403 926 4435 suae
944 4389 1023 4436 Isidori
1040 4390 1162 4454 Originum
1180 4391 1336 4459 adpingendao

184 4463 275 4511 curauit
287 4463 356 4512 ono.
819 4491 822 4501 ι
864 4469 873 4498 ²
890 4471 949 4519 Bibl.
962 4473 1027 4522 Bodl.
1037 4475 1107 4521 Auci.
1120 4473 1150 4520 T.
1164 4486 1185 4521 a.
1199 4486 1236 4522 22.
