3118 5054
251 401 289 460 iir
645 405 997 469 PROLEGOMENA.

306 587 400 648 LXII.
416 601 451 660 15
735 589 907 652 Dimisimus
1028 587 1210 668 (Pler'tncrus)

406 705 443 762 ³²
468 677 492 746 Ε
506 683 621 746 Nostris

407 783 479 842 Tum
493 783 611 845 Desunt
628 786 714 864 aliqui
728 805 830 848 uersus

395 881 462 964 (⁶³)
477 881 577 944 Tertia
591 885 663 944 Pars
677 886 759 962 paui,
772 903 840 964 pars
854 897 898 945 est
912 885 980 946 data
994 885 1077 944 tertia
1091 883 1179 943 Matri

1051 983 1097 1062 (F
1093 982 1260 1044 roehlichns
1273 979 1397 1058 Haupt.)

289 1077 402 1139 LXIII.
434 1099 453 1152 4
475 1077 642 1140 stimulatus
657 1081 703 1140 Ibi
945 1077 1112 1160 (Bentleaeiu)

436 1191 454 1252 5
476 1175 594 1238 Diueliit
607 1178 653 1238 ille
667 1188 754 1238 acuto
769 1179 823 1238 sibi
837 1179 973 1239 Pondera
986 1179 1065 1238 silice
1118 1177 1256 1256 (Deuellit
1270 1174 1397 1254 Froehl.)

737 1274 831 1336 Breue
845 1275 996 1336 CrotaIum
1016 1276 1181 1358 (Crotalurn
1193 1273 1399 1354 Ahlwardtus)

738 1375 943 1436 Fremebunda

739 1475 828 1534 Velut
841 1475 936 1536 Exiua
950 1475 1031 1536 Loca

420 1576 456 1631 18
480 1571 616 1632 HIIarate
631 1572 728 1634 Herae
743 1574 881 1634 Excitatis

418 1690 453 1746 31
820 1674 919 1732 Animi
933 1691 1025 1748 egens
1107 1673 1242 1750 (Stultius)

419 1788 456 1845 34
781 1770 860 1832 Pede
874 1789 999 1850 propero
1082 1771 1249 1850 (Bmllerics)

420 1884 457 1943 37
540 1867 655 1928 Labore
671 1868 783 1928 Nantes
804 1851 806 1859 ¹
1190 1899 1193 1906 .

419 1986 457 2043 39
580 1965 669 2026 Ortus
683 1967 797 2026 Aureus
812 1967 855 2027 soi

418 2084 457 2141 49
479 2063 604 2124 Patriam
619 2065 744 2125 allocuta
758 2066 854 2125 Mesta
864 2065 917 2126 Est
928 2067 974 2126 Ita
983 2066 1066 2128 Voce
1080 2053 1220 2126 miseriter
1239 2063 1398 2146 (Muretus)

418 2179 455 2238 54
478 2163 515 2220 Et
529 2163 637 2222 Earum
652 2165 700 2223 Ad
715 2164 824 2225 Omnia
838 2165 915 2224 Irem
1037 2163 1252 2244 (Ailwardlus)

418 2265 456 2320 ⁶2
478 2259 643 2334 ¹QVonam
656 2262 750 2323 Vetus
764 2264 933 2340 figuraest?
954 2282 1015 2342 quo
1028 2265 1113 2341 uigor
1127 2265 1217 2324 abiit?

478 2358 545 2436 Ego
559 2360 611 2418 Vir
624 2379 705 2421 eram
718 2379 776 2438 ego

419 2460 457 2515 68
480 2456 584 2533 Egone
599 2456 636 2517 Et
1081 2459 1232 2540 (Nobbtics)

297 2553 405 2615 LXIV.
421 2574 455 2631 13
477 2554 637 2636 TOrtaque
1044 2557 1204 2638 (sileretur)

422 2672 455 2713 21
1108 2657 1210 2718 Sanxit

422 2765 459 2827 25
521 2751 635 2814 Eximie
649 2755 724 2814 tedis

421 2869 457 2927 3¹
482 2851 551 2924 Qui,
566 2853 651 2911 simul

421 2970 459 3026 34
482 2949 570 3010 Dona
585 2950 687 3022 ferunt,
703 2969 772 3028 prae
786 2970 817 3010 se

422 3062 460 3124 75
481 3050 584 3126 Attigit
598 3048 679 3109 Inusi
821 3049 844 3130 (i
856 3051 940 3110 inuisi
953 3051 993 3110 sr'c
1006 3049 1154 3130 latinius)

356 3161 360 3170 “
424 3162 459 3223 77
482 3149 719 3224 Androgenoeae

422 3251 463 3308 80
523 3247 658 3324 Augusta
980 3247 1134 3326 (Scaliger)

422 3365 460 3422 94
485 3345 553 3405 Heu
568 3347 694 3406 Miserae
708 3347 858 3422 exagitans
872 3347 902 3406 iri
917 3346 982 3406 Miti
1071 3346 1114 3427 (in
1129 3348 1190 3408 ruiti
1206 3347 1402 3428 casaubonus)

422 3447 460 3521 96
483 3445 624 3524 Quaeque
639 3447 715 3524 regis
729 3445 844 3522 Golgos

405 3561 460 3601 102
704 3544 861 3621 Appeteret

405 3645 461 3700 106
704 3643 824 3702 Nutanti
840 3643 955 3702 Vertice
970 3641 1177 3723 (Caeoubomes)

405 3759 461 3817 109
584 3741 698 3818 lateque
712 3753 741 3802 et
755 3743 918 3802 comminus
933 3740 1031 3801 Obuia
1044 3740 1150 3819 frangit

405 3857 463 3898 110
947 3840 1078 3900 Taurum
1094 3841 1301 3920 (Cosanum)

406 3955 462 4012 119
485 3937 569 4009 Quae
583 3938 693 4000 Misera
706 3951 811 4018 gnatae
826 3939 906 4002 fleret
921 3940 1070 4018 deperdita
1083 3939 1177 4000 Luctu

406 4053 461 4110 ι43
483 4035 571 4096 Nunc
585 4039 643 4097 iam

405 4136 461 4208 ι76
483 4133 614 4198 Consilia
628 4136 664 4196 In
678 4138 784 4197 nostris
799 4136 972 4214 Requiesset

406 4235 463 4308 ¹7⁸
826 4237 956 4312 egurgite
969 4235 1029 4296 lato

322 4447 329 4477 ¹
348 4451 417 4516 Quod
427 4451 461 4500 u'e
469 4453 567 4502 mersit
577 4455 602 4502 in
610 4456 700 4519 pagina
707 4464 760 4520 port
770 4457 940 4518 Praefatiouem
953 4457 971 4502 V
974 4458 1055 4505 Binan]
1067 4465 1132 4506 uetus
1144 4457 1214 4523 figura
1226 4467 1260 4508 est
1271 4459 1340 4505 ntea?
1372 4527 1378 4539 ἡ
