3074 5066
217 403 276 459 278
556 405 571 459 .“
616 397 672 460 DE
700 397 962 461 PARTITIONE

237 601 273 655 14
292 581 511 660 Epigrammata
543 583 714 644 duersuum
728 580 839 654 LXXI,
863 581 1005 648 LXXIII,
1031 579 1169 652 LXXIV,
1191 575 1368 646 LXXVIII,

783 679 923 751 LXXXI,
974 679 1145 750 LXXXIII,
1195 675 1369 746 LXXXVI,

786 775 955 846 LXXXIX,
986 776 1051 848 XC,
1082 774 1193 846 XCVI,
1222 774 1369 844 XCVIII,

784 873 897 944 CVIII,
912 873 992 938 CIX.
1007 873 1118 933 CXIV.

255 991 273 1047 8
298 1015 503 1034 ·-—-
548 991 566 1047 8
588 1019 710 1033 --
732 987 859 1059 LXXII,
871 987 995 1059 LXXX,
1006 986 1207 1057 LXXXVIII,
1219 985 1256 1056 C,
1269 985 1369 1054 CVII,

781 1083 846 1153 CX,
861 1084 955 1155 CXV,
971 1083 1096 1143 CXVI¹.

255 1218 273 1270 4
297 1231 503 1244 ——-
530 1216 567 1257 ro
587 1231 711 1242 —
735 1197 845 1269 LXIX,
860 1199 940 1268 XCI,
955 1199 1049 1272 XCV,
1064 1199 1115 1258 CI.

256 1332 271 1373 a
299 1347 504 1360 ——--
531 1333 711 1372 12——
736 1312 861 1385 XCVII,
877 1313 1046 1375 LXXXIV.

258 1447 270 1486 r
299 1459 503 1472 —-—-
532 1430 568 1486 16
590 1459 711 1470 —-—
735 1425 845 1487 XCIX.

253 1599 335 1662 Hinc
362 1601 477 1661 uidetur
505 1601 636 1661 Catullus
664 1602 878 1678 epigrammata
905 1601 1036 1677 inprimis
1064 1618 1116 1659 sex
1143 1616 1292 1669 uersuum,
1320 1617 1369 1658 se-

212 1698 312 1758 cundo
339 1699 408 1758 loco
435 1709 568 1776 quatuor,
591 1699 675 1758 tertio
703 1709 782 1769 octo,
807 1709 911 1776 quarto
932 1699 1057 1758 duorum
1078 1715 1200 1757 amasse.
1252 1697 1315 1756 Sed
1337 1697 1371 1756 in

212 1796 350 1855 omnibus
371 1797 446 1855 inest
465 1813 518 1855 sua
536 1797 691 1870 σνμμετρία,
705 1795 743 1854 de
757 1814 816 1872 qua
830 1795 902 1856 dixit
916 1795 1058 1855 Frankius
1074 1795 1135 1874 (pp.
1151 1814 1178 1867 4,
1194 1796 1222 1865 6,
1241 1791 1369 1871 rr-ra).

213 1891 275 1966 Qui
295 1903 394 1952 tamen
416 1893 516 1952 nescio
531 1911 570 1950 an
590 1893 660 1952 satis
678 1895 708 1951 in
722 1911 760 1952 co
774 1903 905 1954 moratus
920 1894 956 1953 sit
970 1894 1051 1970 quod
1072 1903 1116 1952 est
1137 1894 1167 1951 in
1182 1891 1289 1951 Catulli
1303 1893 1370 1969 epi-

213 1991 383 2068 grammatis
409 1991 608 2067 praecipuum,
628 2001 661 2050 ut
686 1989 804 2068 aliquod
828 1993 961 2063 uerbum,
984 1993 1130 2050 interdum
1153 1991 1242 2049 etiam
1271 1990 1369 2066 plura,

213 2105 250 2145 ex
265 2088 361 2164 pn'ore
377 2105 464 2146 uersu
478 2087 509 2146 in
523 2087 659 2164 proximo
677 2097 797 2164 repetat.
838 2087 930 2147 Extra
949 2089 1028 2148 hanc
1048 2105 1183 2147 normam
1200 2097 1279 2146 stant
1300 2097 1370 2145 tan-

214 2185 369 2244 tummodo
390 2184 471 2255 haec,
493 2184 635 2256 LXXIII,
658 2184 796 2257 LXXXI,
818 2184 970 2256 LXXXV,
992 2185 1105 2256 XCIII,
1120 2184 1187 2257 CII,
1202 2183 1285 2256 CIV,
1300 2183 1370 2258 CV,

213 2281 294 2356 CVI,
309 2281 421 2354 CVIII,
436 2269 517 2353 CIX,
531 2280 612 2343 CXI.
654 2282 701 2342 De
716 2283 836 2360 singuiis
852 2285 1008 2360 generibus
1021 2284 1095 2344 baec
1110 2284 1232 2343 subicio.

256 2427 300 2506 (1)
322 2428 543 2506 Epigrammata
556 2449 574 2501 4
589 2447 737 2490 uersuum.

334 2551 371 2608 In
392 2551 437 2609 his
453 2561 599 2628 utrunque
614 2551 760 2612 distichon
774 2553 920 2629 integrum
934 2571 987 2629 per
1006 2571 1040 2612 se
1060 2563 1089 2612 et
1109 2551 1277 2612 absolutum
1299 2570 1370 2612 esse

377 2649 434 2705 iam
456 2647 598 2707 Frankius
619 2651 741 2708 notauit.
783 2649 976 2726 Excipiuntur
996 2650 1151 2722 LXXXII,
1166 2649 1234 2721 CII,
1250 2649 1369 2710 CXIII.

376 2743 455 2802 Nam
480 2746 534 2804 ‘in
561 2746 706 2823 plerisque
734 2765 796 2806 non
824 2747 920 2806 solum
944 2766 1068 2807 numero
1092 2765 1230 2806 uersuum
1256 2764 1371 2822 aequa-

377 2841 471 2900 ¹biles
492 2853 561 2902 sunt
582 2854 689 2920 partes,
714 2845 767 2904 sed
785 2845 860 2903 inter
878 2845 932 2904 bas
955 2847 1161 2904 sententiarum
1179 2861 1300 2921 quoque
1319 2846 1371 2904 in·

380 2939 524 2998 ‘tercedit
540 2942 710 3018 responsio;
732 2942 838 3019 quibus
859 2943 938 3002 enim
959 2943 989 3002 in
1012 2943 1159 3020 superiore
1174 2953 1257 3018 parte
1271 2943 1316 3002 uis
1336 2953 1371 3004 et

377 3039 385 3065 ‘
399 3053 524 3094 acumen
537 3038 613 3097 inest
626 3041 717 3098 uerba
730 3039 835 3098 eadem
844 3041 947 3099 eadem
956 3039 1017 3100 iere
1027 3057 1129 3100 uersus
1144 3039 1213 3099 sede
1224 3040 1256 3098 in
1265 3051 1371 3117 poste·

374 3137 382 3164 ‘
399 3135 466 3193 riori
478 3146 661 3211 repetuntur:
676 3137 712 3197 cs.
725 3136 817 3196 LXX.
830 3159 843 3196 1
860 3139 929 3196 dicit
939 3140 1047 3208 Μὴν,
1065 3157 1081 3214 3
1092 3139 1142 3196 sed
1152 3139 1375 3214 maleit—quod

375 3236 382 3262 ‘
397 3232 481 3299 dini:
496 3232 656 3292 LXXIXr
669 3233 786 3294 Lesbrirs
799 3241 840 3293 ert
846 3237 972 3310 pulcher,
988 3255 1005 3311 3
1017 3237 1066 3298 sed
1075 3243 1164 3294 tomen
1174 3236 1220 3294 hic
1226 3235 1369 3311 pulcher,-

376 3337 384 3362 ¹
398 3331 551 3391 LXXXII.
569 3352 584 3391 a
600 3331 703 3392 Lesbia
717 3353 758 3392 me
771 3337 920 3410 dripeream
935 3337 994 3395 m'si
1008 3342 1093 3406 amat,
1109 3355 1127 3407 4
1143 3353 1241 3393 uerum
1256 3337 1368 3410 driper-

377 3435 456 3487 ‘eam
471 3431 531 3487 m'si
540 3448 625 3500 amas
647 3430 729 3489 CIII.
746 3449 757 3490 r
779 3431 880 3492 Credis
893 3451 933 3494 me
940 3436 1071 3508 portame,
1089 3451 1105 3508 3
1121 3451 1175 3490 non
1182 3429 1300 3508 φυκί’]

255 3572 299 3654 (2)
321 3573 542 3652 Epigrammata
556 3578 574 3634 ό
588 3594 737 3636 uersuum.

295 3694 339 3774 (α)
361 3695 397 3756 in
411 3696 557 3775 plerisque
571 3701 710 3774 postremi
725 3699 784 3760 duo
798 3718 900 3760 uersus
915 3701 1025 3778 priores
1040 3700 1262 3779 quodammodo
1276 3701 1368 3761 inter·

378 3804 536 3872 pretantur,
559 3798 720 3871 praemissa
740 3797 885 3858 interdum
906 3799 1045 3874 particula
1069 3799 1172 3876 quales
1193 3808 1261 3858 sunt
1280 3799 1368 3859 Nan

383 3891 418 3950 Vt
440 3891 542 3962 omre.
579 3893 688 3954 LXXI.
709 3910 726 3970 5
746 3895 828 3954 Nam
848 3891 968 3972 quotiens
978 3897 1101 3974 sutrin·
1129 3896 1268 3956 LXXIII.
1290 3913 1308 3971 5
1331 3897 1373 3958 Vl

374 3990 448 4048 mihi
464 4009 541 4066 quem
562 4011 660 4060 nemo‚·
683 3992 821 4053 LXXIV.
837 3997 855 4052 6
873 3993 954 4064 Quod
970 3995 1166 4072 uolur'lsecr‘l;
1191 3995 1368 4057 LXXVIII.

247 4207 255 4237 ¹
278 4191 352 4256 omisi
370 4209 502 4257 LXXXVII
522 4219 545 4258 et
563 4211 649 4259 LXXV
667 4227 725 4274 quae
742 4228 813 4260 unum
830 4229 859 4261 an
877 4213 924 4261 duo
941 4215 986 4262 sint
1004 4215 1028 4262 in
1046 4215 1133 4264 incerto
1150 4225 1192 4271 est,
1209 4225 1234 4263 et
1251 4215 1367 4264 LXXVII

212 4290 275 4352 quod
286 4298 314 4335 ut
325 4290 349 4334 in
366 4291 485 4337 codicibus
497 4292 579 4356 legitur
590 4309 666 4340 uersus
682 4293 752 4341 habet
768 4309 816 4352 sex,
832 4296 966 4356 plerumque
982 4305 1060 4344 tamen
1075 4306 1099 4344 et
1111 4313 1124 4344 ι
1137 4311 1175 4344 me
1192 4312 1245 4344 cunr
1264 4307 1368 4358 quatuor

213 4370 314 4418 uersibus
326 4370 473 4434 coniungitur
484 4373 522 4434 qui
535 4375 558 4419 in
569 4375 686 4422 codicibus
698 4384 804 4423 secuntur
816 4375 902 4423 Lxxv
904 4377 945 4425 III.
952 4375 977 4428 6.
995 4401 1000 4412 ι

245 4448 256 4480 ²
272 4449 392 4504 Frankius,
404 4466 427 4510 p.
439 4467 463 4513 4.
