3136 5060
256 429 314 486 348
717 424 940 486 EXCI'RSVS.

260 629 295 684 r9
310 607 377 668 Keil
397 607 478 666 Inter
498 609 629 686 fragrat
650 617 676 666 et
694 609 820 685 flagrat
841 608 980 684 (fraglat
997 607 1064 666 cod
1079 605 1121 678 B)
1136 605 1186 663 hoc
1203 607 1313 662 artures!
1323 601 1405 678 'quod

255 707 385 784 fragrat
400 707 538 784 (fraglat
551 707 593 778 B)
608 709 714 766 odorem
727 709 875 785 regnrficat,
890 707 1014 782 flagrat
1033 725 1099 763 uero
1113 704 1280 782 splendorem
1293 702 1403 758 mma-

254 813 335 862 slral.
379 804 447 864 Hoc
469 804 556 864 Probi
581 819 737 883 praecepto
760 805 829 864 ustril
853 807 998 882 antiquius
1020 823 1116 880 neque
1139 803 1177 861 ad
1196 820 1260 859 rem
1282 799 1403 875 grauius

256 903 351 962 babeo
360 924 368 974 ;
390 922 457 962 nam
478 915 574 964 cetera
591 905 737 964 uocabula
755 905 829 963 iuter
842 923 917 982 quae
934 905 1138 964 discretionem
1156 901 1247 977 ponit,
1261 899 1403 975 pleraque

255 1013 322 1060 suut
342 1003 485 1060 eiusmodi
506 1013 538 1062 ut
558 1003 742 1062 audientibus
762 1003 907 1079 potuerint
926 1002 1029 1062 eadeur
1050 1000 1151 1070 uideri,
1170 997 1252 1076 quod
1271 995 1350 1055 cadit
1371 996 1403 1054 in

245 1100 368 1176 flagrat,
384 1101 515 1178 fraglat,
543 1101 573 1159 in
592 1101 714 1178 flagrat,
730 1102 862 1178 fragrat
886 1119 948 1160 non
975 1119 1012 1159 ex
1039 1117 1144 1176 aequo.
1198 1095 1298 1156 Gloss.
1327 1093 1403 1152 Bau

256 1198 394 1276 Fraglat
411 1207 439 1256 ef
452 1200 577 1276 flagrat
591 1201 631 1258 ila
643 1202 849 1277 dsfmgru'frrr:
869 1200 995 1276 fraglat
1010 1210 1063 1275 per
1077 1218 1095 1255 r
1108 1198 1228 1255 litteram
1242 1195 1284 1252 ad
1294 1193 1405 1249 adaram

255 1297 396 1373 refertum·
418 1297 541 1374 flagrat
560 1310 613 1375 per
632 1299 647 1356 l
663 1300 704 1356 ad
716 1300 864 1377 stammam
886 1306 912 1356 et
932 1301 1030 1374 agnem.
1073 1296 1117 1355 Id
1140 1293 1278 1369 Fraglat
1303 1290 1408 1348 redolet

255 1399 354 1471 spirat,
379 1397 574 1472 Fraglautia
597 1397 659 1455 berre
681 1399 788 1454 chatra.
841 1396 938 1456 Gloss.
954 1395 1146 1454 Hildebrandi
1167 1411 1196 1469 p.
1216 1405 1271 1463 147
1296 1389 1404 1463 Frag-

257 1495 360 1554 lantis
399 1495 460 1553 bene
495 1497 599 1554 oleam.
654 1495 752 1554 Gloss.
786 1495 866 1571 apud
897 1495 967 1553 lllai.
995 1495 1081 1552 Auct,
1110 1491 1201 1550 Class.
1227 1487 1313 1546 VIII.
1342 1501 1402 1558 ²⁴5

257 1591 916 1671 Fragrarealereqaadaesraglaredaaar.

297 1777 478 1838 Glossarium
492 1791 577 1840 uetus
591 1779 664 1838 Bibl.
680 1779 763 1840 Bodl.
779 1779 876 1852 (Auct
894 1780 916 1837 l.
932 1779 970 1836 II.
988 1781 1038 1849 ²4)

379 1919 545 1996 Flagrans
558 1922 660 1980 ardens
662 1921 793 1998 fulgens.

378 2016 519 2094 Flagrat
531 2019 613 2076 arde!
624 2021 686 2076 urr'f
697 2020 742 2077 uel
752 2021 808 2078 olef.

378 2114 579 2192 Flagrantia
593 2117 741 2175 redolentia
754 2119 881 2176 ardenlr'a
895 2120 991 2176 suaua’s
1005 2119 1079 2173 adar.

378 2213 599 2290 Flagrantius
613 2217 750 2291 coprbsr'us.

379 2311 582 2388 Flagrantes
596 2315 829 2373 alentes-ardentes
843 2315 888 2372 uel
899 2314 1071 2392 resulgnrfes.

378 2409 454 2468 Fra.
469 2413 552 2487 glat.
563 2415 630 2488 plus
643 2414 694 2470 alet
707 2459 713 2472 .
728 2415 774 2471 uel
785 2413 913 2490 fraglat
928 2459 934 2472 .
949 2413 1056 2470 adaram
1070 2413 1125 2470 dal.

379 2507 584 2586 Fraglantes
599 2557 605 2570 .
620 2513 682 2569 bene
694 2514 791 2570 olentes
805 2513 851 2569 uel
861 2512 1025 2589 refulgentes
1037 2513 1096 2569 sr'ue
1109 2510 1241 2567 ardenter.

297 2691 354 2750 His
375 2693 450 2753 adde
471 2694 662 2755 Schuchardti
683 2696 817 2773 exempla
838 2694 1039 2768 (Volralismus
1059 2694 1112 2753 des
1126 2692 1360 2769 Vulgaerlateins
1376 2692 1399 2749 l.

260 2809 270 2846 r
278 2793 328 2864 39)
346 2791 396 2848 rrbi
415 2791 564 2868 fraglare
584 2811 638 2869 pro
657 2793 808 2869 flagrare
828 2794 940 2862 nouies,
956 2811 1010 2870 pro
1029 2791 1186 2868 fragrare
1205 2801 1308 2867 quater
1321 2792 1401 2867 posi·

256 2897 317 2944 tum
341 2899 392 2946 est.
436 2889 505 2948 Non
530 2890 660 2950 dissimili
684 2891 775 2950 modo
801 2893 982 2969 fragellum
1007 2892 1151 2950 Interdum
1176 2890 1322 2948 inuenitur
1348 2907 1402 2964 pro

246 2985 404 3060 flagellum,
419 2999 451 3046 ut
465 2989 493 3046 fn
509 2989 609 3048 codice
625 2988 803 3050 Columellae
819 2991 873 3050 III.
890 3010 935 3049 ro.
950 3010 975 3062 a,
991 2989 1049 3049 Pal.
1065 2990 1157 3048 Euan.
1171 3004 1217 3063 95.
1230 2991 1257 3046 6.
1270 2989 1306 3046 16
1322 2987 1403 3064 apud

257 3083 445 3144 Schuchardt
461 3104 489 3162 p.
504 3091 568 3161 138.

297 3182 372 3243 Illud
391 3195 539 3261 praeterea
557 3186 719 3246 notandum
739 3198 791 3260 est,
807 3188 887 3264 quod
902 3187 993 3264 filigro
1012 3187 1059 3246 rrel
1079 3186 1170 3263 frigio
1189 3187 1279 3244 rarius
1299 3203 1318 3242 a
1335 3202 1401 3246 cor·

256 3291 339 3358 repta
356 3283 466 3358 legitur.
509 3283 629 3343 Habent
647 3286 677 3344 id
695 3287 815 3363 quidem
828 3287 975 3363 Vergilius
990 3286 1027 3345 G.
1042 3285 1065 3344 I.
1079 3304 1135 3360 331
1157 3286 1203 3342 illa
1223 3284 1401 3359 flagranti,

257 3380 330 3438 lien
346 3381 385 3438 Il.
401 3385 459 3455 685
482 3384 634 3456 crinemque
658 3383 881 3460 flagrantem,
904 3385 967 3443 Cat.
983 3385 1070 3444 VI.8
1095 3382 1236 3456 Sertaque
1258 3401 1292 3438 ac
1315 3379 1423 3456 syra·

257 3477 413 3554 flagrans
439 3481 519 3550 olrico,
549 3480 687 3540 Manilius
710 3483 731 3541 l.
753 3487 821 3553 620,
844 3481 880 3540 V.
901 3497 969 3558 437,
995 3482 1148 3541 Petronius
1174 3481 1231 3540 Sat.
1254 3497 1319 3550 124·
1341 3481 1398 3537 262

259 3576 448 3654 (fragranti
478 3579 572 3638 codex
596 3579 628 3637 P
651 3579 847 3654 Buecheleri).
902 3581 960 3640 Sed
992 3598 1137 3657 nusquam
1174 3580 1216 3637 sic
1246 3587 1402 3654 usurpatur

257 3676 336 3752 apud
360 3677 526 3736 Lucretium
549 3677 697 3736 Tibullum
721 3677 903 3754 Propertium
927 3679 1084 3738 Horatium
1107 3677 1246 3738 OuidIum
1269 3675 1401 3734 Persium

258 3776 426 3834 quenalem
450 3776 612 3835 Martialem
638 3777 761 3836 Statium
784 3779 915 3854 Priapia;
947 3797 1011 3850 nec,
1036 3777 1115 3854 quod
1140 3777 1276 3853 equidem
1301 3777 1401 3848 sciam,

257 3873 335 3948 apud
356 3873 510 3932 Lucanum
532 3874 674 3934 Senecam
693 3875 841 3935 Valerium
858 3876 1004 3935 Flaccum.
1047 3876 1093 3934 Ex
1113 3874 1158 3933 bis
1179 3875 1252 3934 locis
1273 3875 1402 3950 quinque

257 3972 307 4030 ubi
334 3991 352 4030 a
379 3983 512 4048 correpta
538 3984 590 4042 ¹est,
616 3975 645 4031 in
674 3993 734 4033 uno
763 3973 927 4033 Catulliano
955 3992 1075 4033 sensum
1101 3973 1195 4030 alenda·
1220 3973 1342 4043 retinet;
1372 3973 1401 4030 in

257 4071 360 4128 ceteris
382 4088 436 4145 pro
457 4073 509 4128 urr'
528 4071 639 4130 dicitur.
682 4070 729 4130 Ne
751 4072 808 4130 hoc
829 4072 948 4148 quidem
970 4071 1118 4130 fortuitum
1139 4071 1251 4142 habco;
1273 4089 1401 4128 names

152 4231 159 4246 ,
257 4171 465 4246 conparatione
487 4172 644 4246 scripturae
666 4173 800 4231 codicum
823 4172 880 4231 boc
901 4173 965 4231 elici
986 4190 1074 4248 posse
1096 4172 1228 4239 uidetur;
1252 4171 1402 4246 flagrare

257 4267 427 4345 plerumque
460 4271 598 4347 scripturn
630 4271 718 4330 fuisse
746 4273 794 4329 ubi
826 4275 879 4329 arr'
909 4272 1138 4347 significaretur;
1174 4270 1325 4346 flagrare
1355 4270 1401 4327 uel

259 4367 413 4442 fraglare,
434 4371 574 4428 incertum
597 4381 692 4429 utrum
717 4372 768 4430 sed
791 4371 848 4430 hoc
869 4370 990 4430 fortasse
1012 4373 1135 4447 saepius
1157 4371 1206 4430 ubi
1229 4387 1282 4446 pro
1305 4370 1400 4428 olere

258 4467 385 4543 positum
413 4479 497 4526 essct.
550 4468 606 4527 Sed
632 4469 687 4527 hoc
718 4489 805 4529 sensu
827 4469 931 4528 Catulli
956 4481 1087 4546 ternpore
1111 4469 1201 4528 rarius
1223 4468 1400 4544 usurpabant
