3170 5054
703 391 928 456 CATVLLI

752 705 877 773 CXIII.

328 862 483 927 eonsvnn
504 861 660 950 Pompeio
680 863 821 950 primum
842 866 916 950 duo,
938 864 1063 950 Cinna,
1085 864 1235 930 solebant

370 977 561 1044 Mecilium:
589 978 679 1042 facto
699 980 831 1043 consule
853 999 939 1043 nunc
962 980 1080 1043 iterum

282 1145 292 1160 ,
328 1087 522 1155 Manserunt
543 1090 618 1176 duo,
638 1090 696 1154 sed
716 1079 887 1156 ensuerunt
909 1091 1004 1153 milia
1024 1091 1061 1154 in
1084 1109 1183 1154 unum

359 1199 526 1311 Qum
568 1200 753 1266 Fecundum
774 1220 886 1264 semen
908 1201 1081 1266 adulteria.

202 1335 817 1448 &mmmmm-ll
861 1311 864 1319 ¹

757 1525 878 1592 cxiv.
985 1475 986 1478 Ὺ
1068 1585 1072 1592 .

329 1675 502 1743 quauvs
523 1679 608 1743 saltu
630 1699 697 1744 non
717 1679 802 1743 falso
822 1679 976 1744 Mentula
997 1678 1090 1742 diues

371 1790 494 1874 Fertur,
515 1792 572 1877 qui
594 1802 647 1857 tot
668 1811 720 1856 res
741 1794 778 1856 in
799 1811 835 1856 se
856 1791 953 1856 habet
974 1793 1133 1876 egregias,

330 1903 510 1990 Aucupium
531 1924 629 1969 omne
650 1925 762 1990 geum,
784 1906 894 1992 piscis,
916 1914 1020 1990 prata,
1042 1924 1119 1968 arua
1139 1903 1295 1988 ferasque.

762 2166 877 2222 CXIII.

238 2254 380 2395 plegiich⁸
390 2255 476 2378 gilli
489 2255 638 2309 continuant
653 2255 746 2308 castres
758 2255 880 2324 plerique.
914 2255 1030 2326 Spatium
1042 2256 1069 2308 in
1081 2255 1111 2308 D
1121 2254 1187 2323 quad
1202 2273 1269 2308 corr.
1280 2256 1317 2308 sic
1332 2263 1394 2325 sup·

361 2341 377 2378 e
415 2341 487 2380 rnna.

282 2431 306 2468 1.
332 2413 461 2466 'Fonsule
474 2413 502 2464 D
513 2434 531 2467 a
544 2433 578 2466 m.
586 2425 631 2483 pr.
702 2413 764 2467 cina
775 2433 802 2467 a.

281 2502 306 2538 a.
344 2483 493 2538 Meciliau
573 2479 992 2539 MeciliaBCDHLLalLalch
1071 2483 1122 2537 Me
1135 2483 1225 2538 ciliaa
1304 2483 1392 2537 Meti·

243 2554 309 2608 lialr
398 2555 510 2608 Melicia
524 2555 570 2608 Au
657 2555 1019 2611 MoechaliaatParthenius
1102 2554 1255 2608 Moechidii
1267 2555 1392 2608 Turnebus

245 2626 355 2678 Aduers.
366 2626 463 2679 XXII.
479 2630 509 2677 18
588 2625 703 2680 Moechi
718 2625 764 2680 illo
776 2627 873 2680 Statius
885 2626 1001 2678 Heinsius
1014 2627 1093 2678 Daer.
1106 2625 1204 2681 Fraehl.
1279 2625 1392 2680 Moechi

245 2696 290 2748 illo
302 2712 319 2748 a
330 2697 445 2764 Scaliger
456 2696 532 2750 Conr.
544 2697 574 2748 de
587 2696 657 2750 Allia
780 2695 892 2749 Moechi
907 2697 951 2749 illo
963 2704 992 2749 at
1003 2695 1115 2766 Sillsjgius
1233 2695 1392 2750 Moechulei

243 2768 407 2820 Passeratius
490 2767 610 2820 Caecilio
624 2769 723 2821 Vossius
803 2765 1155 2822 mensunusum
1236 2767 1392 2822 Maecilium

245 2837 425 2890 Lachmannus
438 2838 534 2907 Hasspt.
546 2837 619 2907 Heys.
709 2833 852 2891 Muclllam
864 2837 1004 2891 Pleitnerus
1016 2839 1138 2893 Schwah.

282 2925 307 2974 3.
343 2906 563 2977 MansuemntO
632 2908 716 2964 millia
727 2907 823 2963 DLbd.

281 2998 307 3044 4.
343 2979 479 3045 singulum
493 2980 847 3050 codicespraetercScaliger
860 2973 929 3034 Voss.
942 2980 1059 3034 Grande
1072 2979 1141 3033 Allia
1246 2979 1394 3046 Singlume

318 3049 419 3103 retinui.
455 3051 522 3104 Non.
535 3068 582 3114 171
657 3051 796 3118 Singulum
811 3067 862 3118 pro
876 3047 1011 3118 snguine
1024 3089 1032 3104 .
1045 3049 1175 3104 ..Varro
1188 3050 1298 3118 Periplu
1310 3049 1357 3103 lib.
1369 3049 1392 3104 l.

275 3136 322 3173 um
333 3134 402 3173 uero
414 3120 497 3174 doces
509 3121 649 3174 historiam
661 3121 859 3175 necessariam:
874 3119 952 3174 sinml
963 3137 1047 3174 unum
1058 3121 1191 3188 singulum
1201 3127 1282 3174 esset.
1314 3120 1394 3174 Idem

246 3191 376 3258 Octogoei
393 3192 453 3258 περὶ
469 3189 678 3263 ν(ο)μισμότων;
697 3191 750 3245 hoc
763 3199 822 3246 erat
835 3191 1001 3244 incommodi
1014 3191 1089 3260 quod
1101 3191 1296 3258 nesciebamus,
1308 3191 1393 3244 semel

244 3277 330 3316 unum
347 3263 481 3329 singulum
497 3277 566 3316 esse.
602 3263 782 3317 Lachmannus
799 3273 884 3317 tam
902 3264 929 3316 in
945 3265 1046 3316 Lucret.
1059 3274 1089 3332 p.
1102 3279 1152 3328 413
1170 3281 1201 3315 ne
1217 3273 1248 3314 at
1264 3263 1393 3316 Catullum

244 3335 281 3386 sic
297 3335 427 3404 scripsisse
513 3333 622 3400 Singula
640 3333 703 3386 itali
719 3334 758 3386 ed.
771 3336 818 3387 Pr.
832 3333 906 3402 uulgo
921 3343 946 3385 et
962 3335 1070 3388 Lachm.
1142 3281 1244 3386 Publius
1261 3342 1395 3404 consparat

245 3406 362 3528 {5212
362 3404 531 3528 Γιιίηὲζῐίῐιιιιιιι
543 3417 594 3474 pro
610 3423 637 3458 eo
653 3403 720 3474 quod
733 3403 848 3459 Catullus
865 3406 967 3474 scripsit
984 3405 1072 3473 prima
1172 3403 1200 3457 in
1216 3419 1318 3458 annum
1330 3406 1394 3460 euni.

764 3561 874 3616 CXIV.

282 3653 345 3704 Cum
357 3669 379 3704 c.
392 3652 490 3704 CXIII
503 3652 649 3704 continuant
666 3650 758 3704 codices
770 3650 891 3720 plerique.
926 3651 1042 3720 Spatium
1058 3650 1085 3703 in
1098 3651 1144 3704 Da
1156 3651 1221 3719 quod
1234 3651 1344 3712 carr.,D
1355 3651 1394 3704 sie

243 3721 367 3792 suppleuit
378 3721 424 3776 De
437 3721 518 3776 Salio.
1093 3739 1095 3745 ·

285 3827 308 3863 1.
348 3809 489 3862 Firmanus
502 3807 748 3862 ABGDGLOVlsae
758 3808 793 3874 cs.
806 3805 885 3861 Orell.
895 3808 1025 3877 Iracriptt.
1040 3813 1108 3872 3118
1201 3806 1225 3859 F
1227 3807 1356 3860 irmamus
1368 3809 1398 3861 II

246 3880 306 3933 Ven.
318 3876 447 3933 LalLa²d
458 3879 624 3948 Westphalius
749 3877 870 3931 Firmani
883 3879 1012 3932 Guarinus
1024 3880 1141 3931 Heinsius
1264 3879 1395 3932 Firmano

249 3951 310 4004 Ald.
323 3953 345 4004 I.
357 3952 453 4003 Statius
467 3951 536 4004 Voss.
657 3949 819 4003 Formianus
830 3949 944 4017 Scaliger
957 3949 1028 4019 Vulp.
1041 3948 1152 4002 Nobbs'us
1164 3949 1195 4001 de
1206 3950 1286 4002 Matr.
1299 3947 1395 4003 candi.

249 4039 274 4075 a.
284 4034 314 4092 p.
330 4039 360 4087 19
374 4022 447 4089 Heys.
581 4021 731 4076 fonniano
742 4021 844 4088 quidam
856 4030 917 4074 ante
927 4021 1059 4073 Muretum
1071 4022 1234 4073 Passeratius
1247 4021 1325 4074 Doer.
1337 4019 1394 4074 Sili.

246 4093 323 4144 salius
340 4092 489 4145 ABCDGL
504 4094 564 4146 Vm.
605 4141 609 4150 ,
686 4091 766 4145 saluis
777 4101 835 4144 cett.
952 4091 1036 4143 saltus
1049 4092 1131 4145 Gaas.
1144 4090 1211 4145 Scal.
1223 4091 1310 4145 Heius.
1322 4090 1394 4160 Vulp.

248 4163 314 4217 cu.
328 4163 363 4216 A.
376 4162 473 4216 Froehl.
486 4162 560 4216 Pleit.
677 4163 747 4215 saltu
767 4161 901 4215 Palladius
922 4161 996 4231 uulgo
1015 4173 1041 4215 et
1060 4163 1171 4216 Lachm.
1289 4161 1355 4216 salsa
1374 4181 1395 4215 a

245 4234 353 4290 saluod
422 4233 543 4286 mentula
555 4234 606 4286 hed
673 4235 792 4288 mensula
806 4243 863 4286 cett.

285 4324 309 4360 a.
345 4311 414 4374 quot
426 4303 551 4357 BHLald
562 4304 600 4357 ed.
613 4307 660 4358 Pr.
675 4303 789 4373 Scaliger
802 4305 870 4357 Voss.
883 4303 955 4374 Vulp.
967 4304 996 4358 C.
1009 4303 1039 4356 de
1051 4302 1121 4357 Allia
1133 4303 1212 4357 Daer.
1224 4300 1279 4358 Sill.

287 4393 311 4441 3.
345 4377 496 4444 Aucupiam
511 4373 687 4428 acuatur
761 4375 804 4426 An
817 4375 923 4442 cuplam
935 4375 977 4429 ob
1055 4374 1198 4442 Ancipiam
1211 4373 1266 4426 La²
1308 4407 1310 4414 ι
1335 4372 1395 4427 Au·

248 4446 327 4513 cupla
344 4446 389 4497 ΗΑ
405 4447 502 4498 Statius
620 4448 681 4498 Post
698 4444 843 4512 aucupium
860 4447 1039 4514 transpungant
1056 4447 1153 4499 Statius
1172 4445 1280 4498 Iachm.
1297 4445 1393 4514 Haupt.

249 4515 346 4569 Fraehl.
359 4516 447 4568 Rossb.
459 4514 581 4567 Schwab.
667 4515 756 4582 pisces
767 4533 785 4566 a
874 4531 938 4569 aura
952 4516 985 4569 G.
