3136 5060
252 407 312 460 306
718 403 934 464 EXCVRSVS

251 601 397 660 nataque
423 597 460 642 tn
487 585 627 644 solebas
653 597 774 662 putare
800 603 876 646 esse
903 584 1035 662 aliquid
1064 584 1124 666 (uel
1151 582 1289 661 aliquid
1315 583 1407 658 esse)

250 698 344 740 neas
372 699 491 756 nugas,
518 700 582 740 non
608 683 691 760 qnod
715 681 865 759 Hauptius
890 683 990 760 pontit
1018 681 1136 759 Nugas
1163 699 1245 741 esse
1273 680 1408 758 aliquid

250 796 343 838 neas
369 792 499 856 putare.
540 779 606 840 Nec
627 779 776 840 siPlinirrs
789 779 896 840 Catulli
916 783 1008 840 uerba
1027 791 1141 841 mutato
1158 781 1281 859 quidem
1301 780 1407 839 ordine

250 877 1072 950 oedsummmeuonolrdmetlauthmddicturum
1096 879 1299 940 credol'uisse
1324 877 1409 956 quod

252 975 384 1052 llanptio
398 977 507 1052 placuit
525 977 580 1035 sed
595 978 693 1054 potim
714 976 863 1037 Nostros
884 995 964 1037 esse
985 976 1116 1055 aliquid
1140 987 1263 1055 putare
1286 994 1408 1052 nugas,

250 1073 1091 1136 namobmoenueumrt'memnduusu
1118 1076 1339 1136 commentariis
1369 1075 1408 1134 ad

251 1172 408 1232 Catullum
450 1171 496 1250 (2)
521 1172 639 1233 quena
661 1186 706 1233 en
732 1175 902 1234 emendatio
929 1176 1045 1234 obiter
1071 1175 1255 1234 emolliam.
1302 1174 1409 1246 Quan-

254 1289 344 1349 quam
365 1273 445 1330 minu
468 1285 589 1348 propter
611 1274 781 1349 oppositum
801 1273 1038 1332 duriusculum
1060 1275 1178 1351 probari
1199 1283 1325 1350 poterat,
1349 1273 1409 1332 hoc

252 1380 352 1428 tamen
372 1371 470 1426 miuus
489 1369 580 1428 babet
599 1370 865 1430 commendationis
878 1371 960 1448 quod
981 1372 1097 1431 sublato
1116 1373 1258 1432 obicere
1282 1371 1409 1430 moliar

253 1469 462 1527 nisinuemis
482 1469 939 1546 ommnerbumfflgmct’s
959 1481 992 1530 et
1012 1468 1172 1548 Aoc)quod
1192 1481 1261 1530 ante
1282 1470 1408 1528 alterum

254 1566 325 1626 illud
358 1579 622 1626 conterraneum
655 1569 786 1642 poscuerit
818 1567 937 1628 Plinius
997 1567 1110 1628 Contra
1140 1579 1169 1627 et
1200 1568 1344 1627 obicere
1378 1578 1408 1626 et

254 1666 377 1726 moliar
395 1683 433 1724 ex
452 1666 554 1723 msu'n
574 1677 643 1724 sunt
662 1665 827 1742 damu.
867 1665 906 1725 Et
926 1667 1066 1726 obicere
1092 1667 1212 1744 quidem
1233 1665 1325 1725 habet
1345 1666 1407 1724 uim

255 1781 359 1834 anam
380 1762 530 1820 iamemm
543 1779 581 1820 ex
595 1760 841 1822 Catullonidetur
853 1763 959 1822 <imese
973 1763 1069 1842 (XIV.
1087 1761 1117 1840 a)
1138 1763 1407 1832 iucundissime,

256 1861 1268 1938 ntnonsinemusaconterraneumsuumlmperatoriseobiectare
1281 1861 1408 1920 dixerit:

255 1979 312 2020 nec
324 1959 478 2020 uerismile
491 1969 536 2016 cst
555 1959 672 2017 obiter
689 1957 737 2017 bic
751 1969 922 2036 corruptum
935 1958 1034 2031 luisse,
1049 1959 1131 2036 quod
1142 1959 1313 2037 incorrupte
1327 1960 1408 2018 idem

255 2057 400 2136 legatur(
416 2061 453 2116 28
477 2067 515 2114 nt
532 2057 650 2115 obiter
673 2075 826 2128 caueam,
847 2056 892 2135 (3)
913 2060 1121 2135 permutatis
1141 2059 1321 2136 prioribus
1343 2057 1408 2136 syl-

256 2157 350 2216 labis
368 2153 985 2216 obscuriusdixitPlinimsieosensudixit
998 2175 1088 2234 quem
1098 2156 1408 2234 ponitMommsenus,

256 2255 323 2314 lae.
337 2257 426 2333 lunga
438 2255 532 2332 prim
547 2254 660 2329 syllaba
671 2273 775 2314 uersus
788 2257 820 2314 in
837 2257 958 2314 breuem
974 2265 1094 2327 mutata,
1108 2267 1140 2314 ut
1163 2274 1260 2314 meus
1282 2255 1408 2314 lambice

256 2356 397 2415 minuo
424 2371 487 2413 non
514 2353 1038 2431 spondaeoutcretrn-pmesertim
1065 2354 1408 2430 cum,utdixi,ipsum

258 2451 1409 2524 nermmnonemollieritl’liniumidlorteemollireestsinenumeria

260 2552 400 2630 protere
440 2549 486 2628 (4)
506 2551 748 2610 Siduriuscnlnm
767 2551 1028 2612 seledtCatullus
1046 2551 1117 2611 dum
1137 2551 1241 2611 iambis
1262 2551 1294 2610 in
1313 2551 1409 2627 prima

259 2648 330 2708 sede
344 2666 400 2726 pro
417 2649 576 2725 spondaeis
588 2649 686 2720 utitur,
699 2667 755 2708 uec
773 2667 808 2708 se
823 2659 922 2708 nmen
942 2648 1140 2708 druiuscrdum
1160 2647 1278 2707 uolebat
1298 2647 1408 2705 existu-

259 2745 1409 2824 mariaVeraniolissnisetFabulbamirumesteumiuipsoearmine

259 2842 982 2926 undcbaecsumpsitl'linInsfflI)iambum
1009 2845 1408 2922 inprimasedeposuisse

258 2961 323 3019 no
346 2941 509 3004 Disertus
534 2961 621 3022 puer
647 2957 682 3005 et
708 2945 924 3006 facetiarum
979 2943 1040 3004 Sed
1066 2963 1146 3021 nego
1173 2943 1289 3004 Caudio
1316 2944 1409 3004 duros

259 3041 747 3104 bniunnodiuersusuisosease.
788 3041 1409 3116 Quodenimalterl’liniusdidtuted

261 3141 426 3209 multaalia,
437 3159 498 3200 non
508 3141 547 3201 ad
557 3141 614 3201 boc
627 3141 937 3219 unumpotestrelerri
949 3141 1039 3200 ueluti
1052 3141 1091 3201 ad
1104 3141 1262 3200 resolutum
1275 3141 1407 3218 primum

262 3241 370 3320 pedem
382 3239 458 3313 (LV.
467 3243 527 3312 ro),
541 3240 580 3300 ad
593 3241 777 3318 spondaeum
790 3257 845 3318 pro
858 3239 975 3318 dactylo
988 3241 1020 3298 in
1033 3239 1165 3299 secundo
1178 3238 1255 3316 pede
1267 3239 1407 3316 positum,

262 3341 302 3402 ad
315 3357 417 3400 uersus
429 3339 506 3398 male
519 3340 627 3400 incisos
640 3339 735 3416 qualis
747 3349 792 3399 est
805 3339 852 3399 ille
870 3338 1081 3398 Decoctoris
1100 3338 1212 3397 amica
1228 3336 1409 3396 Formiani

147 3447 158 3462 ‘
264 3437 403 3522 (XLLr)
421 3439 470 3499 uel
488 3439 537 3498 hic
560 3439 704 3498 Amicos
731 3437 958 3515 medicosque
986 3448 1182 3497 conuocate
1203 3435 1295 3513 (XLI.
1310 3433 1352 3512 6),
1367 3435 1409 3494 ita

264 3559 302 3602 ex
314 3538 483 3599 recentioris
496 3537 562 3596 aeui
574 3537 681 3596 iudicio
695 3536 805 3596 dictum
817 3535 941 3595 uidetur.
983 3533 1114 3594 Catullus
1131 3534 1207 3594 adeo
1224 3551 1287 3593 nou
1301 3533 1408 3593 durum

264 3639 323 3699 boc
343 3637 496 3696 arbiuatus
515 3647 560 3696 est
573 3647 606 3694 ut
618 3636 649 3693 iu
663 3633 744 3694 nullo
762 3653 799 3693 ex
816 3634 997 3693 mollioribus
1010 3633 1154 3710 poematis
1168 3651 1244 3710 quae
1263 3631 1409 3692 burdena-

265 3737 382 3816 syllabis
402 3735 516 3812 scripsit
536 3743 648 3811 praeter
661 3731 690 3790 V
702 3743 734 3792 et
746 3731 849 3791 XXIV
863 3749 925 3791 uon
946 3741 996 3790 eut
1016 3732 1146 3791 iambum
1166 3741 1216 3790 aut
1237 3729 1408 3790 trochaeum

265 3836 297 3895 iu
318 3835 412 3914 prima
439 3833 508 3893 sede
535 3831 625 3892 semel
647 3830 794 3902 loeauerit,
814 3831 845 3890 in
865 3829 985 3889 Passere
1007 3829 1060 3903 (II,
1082 3827 1152 3906 III),
1173 3830 1203 3887 in
1223 3827 1410 3888 Carminibus

265 3934 306 3994 ad
329 3933 466 3992 lesblam
490 3930 584 4006 (VII),
613 3929 773 3990 Caeciium
798 3927 951 4002 (XXXV),
981 3926 1171 3987 Cornificium
1205 3926 1409 4002 (XXXVIII),

268 4031 423 4092 Lucinium
445 4029 505 4104 (L),
533 4029 653 4090 lmtasse
679 4028 767 4087 etiam
789 4027 956 4086 quentium
978 4025 1132 4106 (XLVIII.
1150 4021 1191 4104 4).
1246 4025 1304 4084 His
1331 4026 1409 4086 adde

267 4129 397 4188 carmina
423 4128 461 4187 ad
489 4127 656 4189 Cornelium
684 4124 734 4206 (l),
763 4125 897 4185 Asinium
926 4122 1021 4203 (XII),
1049 4122 1223 4182 Piuoeruam
1251 4121 1408 4202 (XXVII),

269 4225 441 4301 lpsithillam
455 4223 609 4304 (XXXII),
624 4225 770 4286 Ratudum
785 4222 875 4304 (XL),
889 4221 1063 4282 Ciceronem
1077 4219 1212 4300 (XLIX),
1226 4221 1363 4282 Porcium
1379 4235 1409 4283 et

271 4321 473 4381 Socratiouem
491 4321 640 4400 (XLVII),
664 4322 701 4381 de
723 4321 886 4380 Armalibus
905 4319 1007 4379 Volusi
1029 4317 1188 4400 (XXXVI)
1211 4319 1249 4379 de
1274 4319 1410 4380 Ameana

271 4415 377 4496 (XLI),
389 4419 426 4478 dc
437 4417 564 4479 Moecha
575 4417 695 4496 (XLII),
710 4419 746 4480 de
757 4419 850 4480 Acme
863 4428 894 4479 ct
905 4417 1044 4494 Septimio
1059 4413 1178 4496 (XLV),
1193 4416 1269 4479 Risi
1289 4419 1409 4479 nescio
