3136 5060
630 417 852 492 aoxxm

506 677 744 756 aunuuovu
765 679 803 738 au
821 679 920 740 xvu.
938 695 984 754 25.

255 833 297 892 Et
317 836 479 913 supinum
500 835 653 894 animum
673 835 708 894 in
729 837 830 912 graui
851 835 1100 913 derelinquere
1121 852 1236 894 coeno

255 931 416 992 Ferream
436 945 472 992 ut
493 934 627 993 soleam
647 934 766 993 tenaci
787 934 821 992 in
842 935 1010 1010 uoragine
1031 933 1135 993 mula.

215 1079 306 1140 Hunc
327 1081 425 1141 locum
443 1083 570 1159 respexit
583 1082 730 1160 Gargilius
744 1082 885 1142 Martialis
901 1083 939 1142 de
953 1081 1075 1144 Persicis
1090 1082 1119 1140 X
1134 1082 1217 1156 (Mai.
1231 1082 1317 1142 Auct.

173 1179 268 1239 Class.
282 1179 306 1238 1.
318 1178 391 1259 401)
412 1179 514 1256 Spurio
538 1182 626 1258 legata
650 1183 798 1240 aduersum
815 1182 944 1257 plantino
969 1182 1134 1240 tmommoda
1155 1187 1188 1239 ui
1206 1181 1318 1258 anfhra

172 1280 330 1336 extimant:
363 1287 389 1337 et
414 1281 521 1356 odiique
546 1281 678 1339 nonnulli
706 1283 943 1340 iumentorum
978 1281 1088 1340 solias
1122 1281 1157 1340 in
1192 1281 1318 1340 itinere

173 1377 364 1438 derelictas
377 1387 451 1454 prae
469 1379 555 1438 medio
573 1382 683 1438 truncti
703 1382 827 1439 ramim
846 1380 1020 1456 mipenduni.

518 1580 732 1642 EXCVRSVS
754 1583 792 1641 ad
813 1581 911 1642 XXII.
926 1601 971 1658 13.

318 1735 396 1797 Hoc
416 1739 499 1814 quid
519 1751 680 1817 putemus
700 1740 799 1800 esse?
827 1740 885 1817 qui
906 1738 1010 1798 modo
1030 1756 1162 1808 scurra,

317 1837 385 1895 Aut
405 1838 433 1896 si
454 1839 536 1913 quid
557 1838 621 1897 hac
642 1857 677 1898 re
698 1839 833 1898 tristius
853 1838 1051 1907 uidebatur,

317 1932 413 1994 Idem
433 1935 589 1996 infaceto
610 1946 663 1998 est
683 1935 869 1996 infacetior
889 1955 975 1995 rure.

216 2079 308 2152 Quod
326 2082 463 2142 tristius
481 2083 528 2143 hic
542 2083 659 2144 codices
674 2093 790 2144 secutus
803 2083 916 2155 retInui,
930 2083 960 2142 id
973 2080 1175 2141 confirmatum
1189 2079 1266 2138 duco
1280 2096 1317 2136 ex

175 2179 318 2255 oppositis
341 2180 497 2241 infaceto
525 2193 554 2242 et
580 2182 781 2255 infacetior,
802 2200 879 2262 quae
900 2182 991 2241 uerba
1013 2178 1051 2239 ad
1072 2188 1219 2255 gustatum
1244 2176 1318 2236 refe-

176 2287 276 2336 nuttur
290 2296 308 2336 a
321 2277 424 2339 Plauto
438 2281 469 2338 in
483 2278 608 2341 Mostell.
621 2296 659 2357 45
673 2279 770 2358 Neque
782 2287 839 2339 iam
843 2281 953 2359 saccini
966 2296 1048 2355 quom
1061 2284 1091 2335 in
1106 2277 1228 2350 (sctum)
1243 2275 1319 2332 mitti

176 2375 301 2447 utilibus,
316 2374 352 2435 cf.
368 2390 385 2451 5
389 2396 416 2453 3,
428 2397 446 2450 4
461 2375 546 2437 Decet
557 2397 598 2436 nte
610 2385 780 2437 amarante
792 2377 995 2438 bubulcitarier
1009 2373 1062 2433 Me
1075 2377 1203 2433 ut'ctr'torc
1208 2373 1317 2450 pulcre,

175 2479 200 2530 te
217 2475 325 2532 niteret
344 2476 438 2548 modii,
452 2477 503 2535 ubi
522 2478 628 2537 eodem
647 2478 738 2537 modo
757 2479 879 2537 msticus
900 2495 935 2536 ac
955 2493 1054 2536 scurra
1074 2474 1148 2532 inter
1168 2491 1199 2532 se
1221 2489 1317 2549 oppo-

177 2583 292 2630 nuntur.
333 2573 420 2633 Adde
433 2573 566 2635 Macrob.
582 2575 696 2636 Saturu.
710 2576 779 2635 VII.
795 2594 830 2635 ra
845 2573 959 2634 Acetum
978 2591 1044 2631 nero
1063 2579 1089 2631 et
1107 2572 1318 2648 liqm'disninun

176 2676 217 2729 esi
227 2671 299 2730 nitier
311 2679 409 2731 ceteros
428 2673 553 2733 hunms
573 2682 599 2733 ct
616 2681 691 2732 tanto
711 2680 752 2734 est
769 2674 894 2733 acerbant
914 2680 947 2732 ut
963 2674 1002 2731 ni
1019 2689 1098 2730 acore
1117 2670 1277 2730 tristificum
1295 2677 1322 2728 cl

176 2770 297 2845 exnnpto
319 2773 445 2829 marinas
467 2791 554 2848 aquae
577 2791 646 2849 quae
668 2775 729 2849 ipsa
753 2791 855 2850 quoqne
877 2771 1063 2831 amaritudine
1085 2771 1135 2830 sni
1157 2779 1257 2846 aspera
1280 2774 1321 2826 est

176 2885 318 2944 mquam
326 2869 394 2945 gelu
405 2870 589 2930 contrairiur.

530 3079 744 3141 nxcvnsvs
765 3080 802 3140 au
821 3078 918 3138 xxv.
934 3093 960 3154 5.

224 3233 283 3295 Hic
297 3254 399 3297 uersus
413 3238 455 3298 sic
469 3238 573 3316 legitur
585 3239 616 3298 in
631 3239 661 3300 G

598 3369 812 3418 atauemelarte

279 3429 368 3492 Cum
389 3434 471 3495 diua
490 3435 612 3496 mulier
666 3437 756 3496 alios
836 3433 991 3495 ostendit
1010 3431 1204 3492 oscitantes

177 3593 261 3636 aues
281 3577 435 3637 ostendit
454 3579 563 3638 habent
577 3579 665 3640 ceteri
679 3580 807 3658 plerique
828 3579 962 3650 codices;
991 3576 1082 3636 aries
1105 3573 1131 3635 O
1151 3574 1205 3634 Ven
1225 3576 1318 3637 arios

177 3693 269 3754 marg.
283 3675 313 3734 L
333 3678 422 3737 alios
442 3675 501 3737 lai
519 3678 762 3755 VPhillippmszi
780 3695 882 3756 margo
895 3677 933 3750 h;
956 3676 1118 3737 ostendet
1138 3674 1226 3736 Don.
1267 3676 1318 3736 Iu-

177 3777 397 3852 terpretationes
416 3778 473 3838 loci
494 3780 641 3856 congessit
661 3779 781 3839 Pohlios
804 3779 834 3836 in
852 3777 1017 3856 Specimiue
1031 3775 1204 3836 Lectionum
1224 3793 1252 3852 p.
1270 3791 1317 3852 35.

178 3873 247 3934 Hae
261 3874 390 3952 duplices
410 3888 485 3950 suut,
499 3889 548 3938 aut
562 3879 640 3938 enim
654 3879 691 3938 ad
705 3878 862 3956 procellam
882 3876 1049 3947 referuntur,
1063 3893 1138 3952 quae
1152 3875 1252 3952 opinio
1265 3875 1319 3937 fuit

177 3971 322 4032 editorum
336 3984 403 4034 ante
417 3974 640 4036 Lachmannum
654 3995 730 4054 pene
743 3977 884 4048 omnium,
899 3975 999 4034 autad
1013 3973 1110 4033 Thalli
1123 3975 1317 4050 rapacitatem.

178 4069 238 4144 Qui
260 4073 386 4149 priorem
409 4074 489 4134 uiam
509 4075 633 4152 ingressi
654 4085 729 4146 sunt,
749 4075 819 4134 dum
844 4073 900 4134 hoc
923 4090 1011 4134 uersu
1034 4073 1212 4148 tempestatis
1234 4072 1319 4149 signa

178 4170 300 4230 credunt
319 4171 443 4232 describi
461 4182 510 4233 aut
523 4175 680 4233 oscitantes
693 4192 763 4232 aues
783 4173 887 4248 (alites)
903 4171 1124 4249 interpretantur
1137 4170 1318 4232 clamitantes

179 4269 235 4343 (sic
256 4269 386 4346 Scaliger
404 4271 528 4348 Vulpius
553 4271 642 4332 Conr.
664 4273 701 4332 de
722 4273 798 4332 Atlio
820 4269 1001 4344 Huschkius)
1024 4279 1073 4328 aut
1095 4269 1172 4329 aliud
1194 4271 1318 4330 uerbum

177 4384 233 4444 pro
246 4385 283 4426 eo
297 4370 437 4440 scribunt,
455 4372 659 4430 oscinentes
677 4371 807 4431 Faernus
823 4379 852 4429 et
868 4369 983 4441 Statius,
1000 4369 1204 4428 occinentes
1219 4367 1318 4429 Auen·

177 4467 235 4526 tius
263 4467 329 4528 Ald.
355 4469 370 4527 1
398 4469 539 4544 Muretus,
568 4472 765 4532 ominantes
792 4470 975 4546 Doeringius.
1026 4469 1084 4529 Sed
1114 4469 1236 4530 oscitare
1263 4490 1318 4549 pro
