3146 5046
560 413 919 478 PR'OLEGOMENA.
1282 415 1312 471 xi

166 597 276 658 XLIX
296 617 309 657 r
333 599 526 661 Disertissime
537 601 659 662 Romuli
674 608 802 680 nepotum.
846 602 894 662 Sic
916 602 993 662 enim
1014 601 1128 678 scripsit
1148 599 1185 660 ad
1207 597 1311 658 Colam

166 698 196 758 di
217 697 321 759 Rienzi
341 701 418 760 circu
439 719 550 760 aunum
568 701 660 778 13471
680 701 800 779 Eloqui>
819 701 974 763 Ciceronem
996 698 1033 779 (te
1052 695 1157 774 dieunt)
1179 699 1219 757 ad
1235 717 1312 774 quem

168 797 300 857 Catullus
316 797 474 858 Veronensis
487 803 530 858 ait
536 821 547 858 .·
563 799 753 860 Disertissime
762 800 883 860 Romuli
892 807 1021 876 nepotum.
1062 798 1133 858 Post
1147 797 1312 856 Petrarcam

166 895 274 954 Catulli
297 897 377 956 nullu
400 895 469 956 iacti
491 909 535 957 est
556 901 675 970 mentio,
698 917 774 976 quae
798 899 916 976 quidem
944 898 1030 957 nobis
1054 896 1218 966 innotuerit,
1243 905 1313 952 ante

166 1013 278 1054 aunum
296 1009 382 1070 1374.
425 995 497 1055 Eius
518 998 586 1056 anni
608 1007 717 1056 aestate
739 997 876 1057 Colucius
896 997 1041 1055 Salutatus
1056 993 1249 1064 Florentium,
1268 993 1314 1051 uir

167 1094 242 1152 inter
264 1093 450 1154 doctissimos
476 1095 549 1156 illius
577 1095 693 1168 saeculi,
716 1098 747 1156 in
769 1097 892 1174 epistula
913 1114 1002 1172 quam
1026 1093 1064 1153 ad
1087 1093 1250 1172 Caspasum
1275 1091 1313 1151 de

167 1191 339 1269 Broaspinis
352 1192 556 1252 veronensem
570 1195 655 1266 misit,
670 1196 751 1271 petiit
764 1197 801 1253 ab
819 1213 856 1254 eo
870 1205 901 1254 ut
915 1194 1061 1254 Catrdlum
1074 1191 1313 1269 Propertiumque

167 1291 222 1350 sibi
236 1303 350 1350 curaret
364 1293 611 1352 transmittendos
653 1292 830 1352 Benuenutus
846 1295 877 1351 de
890 1291 980 1350 Imola
999 1313 1018 1349 a
1034 1309 1087 1368 qieo
1097 1293 1223 1366 priimum
1241 1288 1273 1346 de
1290 1295 1316 1346 te

162 1395 253 1464 grata
271 1391 363 1464 accepi
376 1393 515 1466 suggessit
531 1393 584 1448 imo
598 1391 729 1466 promisit
745 1412 764 1448 a
782 1398 806 1449 te
824 1393 1032 1466 impetraturum
1050 1396 1083 1447 ut
1096 1388 1274 1462 Propertium
1290 1391 1316 1443 et

170 1487 315 1548 Catullum
333 1487 470 1546 haberem.
511 1487 613 1548 Nesce'o
630 1492 660 1547 si
674 1489 705 1546 de
723 1490 772 1546 boc
786 1491 918 1565 scripsit:
938 1490 993 1546 sci'o
1010 1488 1083 1563 quod
1099 1489 1243 1560 interprete
1260 1503 1314 1542 mon

166 1587 275 1662 e'ridegeo
288 1593 383 1645 amn.
424 1585 496 1644 Illos
509 1589 538 1645 si
541 1593 616 1662 potes
618 1587 678 1664 sac
691 1594 724 1645 ut
734 1587 849 1644 uideam.
892 1585 956 1644 Vale
969 1589 1140 1644 meimemor.
1152 1583 1201 1641 Fe.
1212 1581 1313 1641 XIII.

168 1684 205 1742 tt.
220 1683 304 1743 Sext.
346 1683 431 1744 Idem
452 1703 523 1744 mox
544 1686 574 1743 iu
595 1685 717 1762 epistula
739 1686 777 1745 ad
797 1684 1000 1744 Benuenutum
1020 1683 1056 1743 de
1073 1682 1168 1742 Imola
1189 1685 1226 1740 ab
1247 1683 1314 1758 ipso

168 1783 248 1859 petit.
294 1780 326 1840 T
320 1803 357 1840 iia
376 1785 484 1859 epistola
503 1785 547 1842 nil
562 1783 726 1862 aliudsecit
742 1803 824 1860 queam
840 1803 919 1842 amor
933 1791 958 1842 et
969 1785 1084 1854 care'tas,
1098 1784 1227 1857 inprimis
1245 1781 1319 1856 quod

167 1889 292 1940 uotorum
306 1900 425 1940 meorum
439 1883 664 1960 diligentissimus
678 1891 805 1943 executor
819 1883 972 1959 edyommnes
989 1881 1053 1962 (sic)
1064 1882 1243 1957 Propertium
1256 1879 1315 1940 Ca-

168 1981 319 2057 tulleempree
330 1991 473 2057 procuras
489 2000 605 2057 quorum
618 1975 691 2040 mibi
700 1984 745 2041 mil
748 1993 836 2058 paene
848 1985 908 2040 misi
917 2002 1010 2041 nomen
1025 1983 1149 2040 innotuit.
1195 1977 1276 2050 Quod
1285 1984 1318 2036 at

163 2081 296 2156 perficere
308 2082 412 2138 coneris
425 2099 520 2138 exoro.
561 2079 666 2157 Ingens
679 2083 750 2138 eni'm
763 2082 858 2156 cupido
871 2081 944 2138 milei
953 2079 1074 2157 diusuit
1080 2085 1175 2154 poetas
1188 2080 1313 2152 aspicere.

169 2177 277 2238 Deinde
296 2199 338 2237 me
356 2180 522 2258 tontisacis
542 2187 574 2238 iet
591 2183 752 2238 auctoritate
772 2199 830 2238 mea
851 2182 943 2238 utari's
966 2181 1007 2238 ad
1019 2179 1195 2255 probandum
1219 2195 1315 2234 uerum

168 2280 377 2356 tragoediarum
395 2287 533 2337 auctorem
551 2287 577 2337 et
593 2280 724 2338 i'rieultam
743 2280 821 2338 illam
839 2280 976 2354 epistolam
994 2298 1079 2337 meam
1093 2297 1147 2354 qua
1165 2279 1197 2335 i'd
1207 2276 1315 2334 declaro

167 2379 362 2437 candidissime
369 2378 522 2453 postulasti
532 2421 631 2438 .....
644 2376 834 2455 Egestorenti
843 2379 908 2437 bui'c
922 2378 990 2436 urbi
999 2378 1063 2436 dum
1068 2377 1142 2454 sata
1156 2383 1244 2447 erunt,
1257 2377 1316 2434 si'iee

168 2475 267 2534 naun
281 2479 340 2534 siiee
346 2476 445 2554 sames
459 2479 518 2534 siue
530 2477 614 2551 pestis
628 2477 750 2547 insultat,
760 2483 922 2552 perpetuum
936 2475 1088 2534 inhaerebo.
1134 2472 1210 2546 Quae
1223 2474 1319 2548 petisti

167 2594 230 2632 euni
246 2575 438 2650 praesentibus
457 2577 541 2632 milio.
562 2575 631 2632 nale.
654 2573 742 2634 VIII.
761 2573 833 2632 Kal.
848 2572 977 2634 Sextilis
1033 2573 1149 2644 Audiui}
1166 2592 1217 2630 uae
1237 2572 1317 2642 motii,

168 2673 342 2731 Petrarcam
360 2679 484 2731 nastrum
500 2673 541 2731 ad
555 2693 607 2731 sua
621 2674 715 2732 sidera
729 2673 905 2750 demigrasse.
919 2675 985 2749 quia
1007 2673 1100 2731 nollem
1121 2689 1175 2728 mon
1195 2672 1272 2728 credo
1293 2676 1318 2728 et

167 2773 237 2847 quia
258 2773 338 2828 umeo
347 2771 463 2849 sactum
484 2769 583 2830 dubito.
625 2769 665 2830 Si
681 2772 751 2847 qaid
767 2772 799 2829 de
818 2791 846 2830 eo
865 2771 946 2830 babes
967 2771 1092 2828 rescribe.
1134 2768 1241 2828 Iterum
1255 2768 1316 2826 reale

155 2870 247 2949 selix
260 2873 412 2928 amanum
426 2873 528 2946 optime.
557 2869 658 2930 Tertia
671 2871 795 2946 epistula
809 2871 847 2930 ad
861 2870 1024 2946 Caspasum
1041 2869 1078 2928 de
1092 2867 1261 2944 Broaspinis
1275 2868 1316 2925 sic

168 2969 278 3028 scribit.
325 2965 521 3046 Guasparide
538 2966 715 3044 Broaspinis.
754 2969 952 3044 Lepidissinas
966 2976 1045 3045 atque
1057 2969 1249 3026 ornatissimas
1262 2969 1316 3041 epi-

167 3067 257 3126 stolas
277 3073 341 3124 tuas
355 3068 448 3142 pridie
467 3067 553 3124 auida
573 3087 658 3126 manu
675 3067 724 3126 sed
738 3068 862 3126 auidiore
880 3074 964 3126 mente
978 3074 1024 3125 tieo
1040 3069 1099 3124 ui'so
1112 3069 1217 3124 nomine
1230 3066 1317 3123 laetius

167 3166 269 3242 accepi.
311 3163 351 3224 Si
363 3175 443 3240 prece
463 3165 509 3222 ecel
523 3168 613 3240 pretio
628 3166 808 3242 Propertium
827 3167 860 3224 de
879 3167 1034 3226 bibliotheca
1056 3165 1132 3223 ille‘ees
1152 3163 1320 3222 celeberrimi

168 3261 413 3335 mr12Petrarcae
429 3265 550 3338 inquam,
567 3282 643 3339 quern
663 3263 739 3322 nobis
758 3263 928 3322 subtractum
947 3283 1010 3334 esse,
1024 3265 1134 3340 gloriae
1153 3271 1242 3320 tamen
1260 3269 1316 3320 tam

168 3368 277 3420 certum
296 3369 427 3437 queantum
441 3367 528 3436 potest
543 3362 663 3419 bumana
677 3364 775 3420 iude‘cio
789 3363 955 3438 deprehendi,
970 3362 1074 3420 moleste
1079 3362 1151 3440 sero
1168 3367 1194 3418 et
1210 3363 1318 3419 metrico

168 3459 308 3536 opusceelo,
322 3459 395 3535 quod
411 3458 552 3517 absoluere
570 3462 622 3518 cito
642 3467 675 3518 iet
693 3461 785 3519 uellem
806 3462 944 3536 impedior,
961 3461 1094 3519 lamentor
1107 3466 1133 3517 et
1141 3459 1205 3537 steo,
1220 3459 1318 3518 baberi

164 3569 248 3634 passe
260 3555 374 3634 confidis
387 3558 432 3614 uel
442 3564 475 3615 iet
486 3577 560 3616 nicus
573 3560 612 3616 sit
623 3557 669 3615 nel
680 3565 712 3616 ul
725 3557 883 3634 exemplari
897 3566 977 3634 queat
993 3559 1118 3634 deprecor
1133 3565 1165 3616 iet
1173 3567 1318 3634 promeres.

172 3656 320 3717 Catullum
333 3675 409 3731 queem
423 3656 501 3714 credo
511 3665 637 3732 paruum
651 3656 770 3715 libellum
783 3663 835 3715 aut
848 3658 1030 3733 exemplatum
1045 3665 1097 3716 aut
1110 3655 1318 3733 exeneplandum

169 3773 243 3832 rogo
262 3756 419 3812 transmitte
432 3797 531 3815 .....
548 3755 691 3816 Ciceronis
710 3758 835 3832 epistolas
855 3764 887 3815 ut
904 3758 978 3815 alias
997 3758 1067 3815 disci
1080 3775 1168 3814 ornnes
1184 3756 1277 3814 uellem
1294 3761 1321 3813 et

168 3855 248 3912 libri
262 3856 440 3930 pantaeni
460 3872 527 3931 rogo
545 3861 635 3913 notam
643 3855 754 3932 famas.
796 3853 870 3914 Illas
889 3859 997 3914 circi'ter
1011 3854 1074 3913 LX
1089 3873 1158 3930 queas
1176 3855 1275 3913 babere
1294 3859 1319 3911 te

169 3953 244 4012 dtu
264 3953 352 4010 macra
373 3971 412 4010 are
434 3953 463 4010 in
485 3955 639 4011 continuato
659 3964 735 4029 opere
756 3974 795 4012 am
815 3961 956 4030 excerptas
978 3954 1078 4012 babeas
1099 3961 1178 4030 atque
1197 3954 1317 4024 delectas,

168 4061 198 4110 et
210 4051 269 4110 ideo
282 4051 403 4110 arbitrio
420 4057 465 4109 tuo
482 4051 632 4111 demeieri'm
650 4054 785 4130 numquid
800 4053 915 4112 illarum
935 4074 976 4112 me
995 4054 1062 4112 eeele‘s
1080 4074 1134 4112 esse
1146 4055 1317 4130 participem.

172 4149 338 4208 Florentiae
357 4147 449 4206 XXI
464 4147 630 4211 Decembris.
682 4151 794 4212 Habuit
815 4153 900 4229 igitur
921 4153 1052 4229 Properti
1077 4152 1243 4230 exemplum
1263 4151 1318 4210 Pe·

172 4261 286 4322 trarca3
308 4248 416 4308 Catulli
430 4249 454 4308 si
467 4249 575 4322 habuit,
592 4252 697 4310 mirum
711 4251 791 4327 quod
805 4251 875 4310 nihil
890 4252 927 4311 de
941 4269 977 4312 eo
992 4253 1063 4311 dixit
1077 4251 1223 4310 Colucius.
1259 4251 1319 4310 Aut

173 4347 258 4408 latuit
271 4347 424 4409 Petrarcae
441 4349 615 4427 exemplum,
630 4360 680 4409 aut
697 4351 827 4410 carmina
845 4350 875 4408 in
894 4351 989 4409 alieno
1008 4351 1082 4409 libro
1101 4350 1216 4425 legerat.
1261 4349 1318 4408 Sed

288 4529 294 4558 ¹
313 4530 373 4579 Vide
385 4531 529 4580 Schwebium
542 4535 564 4580 in
576 4533 640 4581 Actis
652 4541 777 4581 conuentus
788 4533 977 4598 philologicoruru
991 4533 1117 4581 Misuieusis
1130 4547 1152 4592 p.
1162 4541 1215 4592 115.

712 4624 756 4686 *c
773 4643 790 4690 2
