3136 5060
256 381 315 438 ³22
718 377 931 440 Excvltsvs

254 563 395 621 neruiae
422 562 551 634 neruis,
584 571 723 624 ostreae
749 571 876 634 ostrea,
909 560 1071 622 borreum
1099 559 1235 632 borres,
1270 577 1408 620 caseus

254 677 402 726 caseum.
422 661 597 721 balineum
617 659 765 733 balinea,
785 659 913 720 latrina
933 660 1105 720 latrinum.
1133 658 1269 739 (helim.
1280 659 1407 718 lacer.

255 777 283 837 u·
300 757 382 836 sss)

587 923 824 984 nonaunvn
847 924 886 984 aa
909 923 1021 984 xxnt.
1039 928 1067 984 s.

296 1069 385 1130 Lucis
408 1069 501 1130 allatis
525 1071 602 1131 adde
625 1069 740 1148 Apuleii
763 1069 834 1130 Met.
854 1069 893 1129 11.
911 1073 948 1130 26
972 1073 1003 1130 eie
1025 1072 1132 1130 modam
1154 1071 1270 1146 serperbi
1289 1071 1403 1128 inem‘s

255 1169 378 1230 Adoni.
421 1169 508 1230 Probi
522 1169 659 1248 Append.
672 1188 702 1247 p.
716 1189 780 1245 ¹99·
796 1188 832 1244 13
847 1169 913 1230 Keil
933 1169 1035 1231 Adon
1053 1189 1107 1228 non
1124 1170 1293 1230 Adoniua

569 1461 784 1522 EXCVRSVS
804 1463 842 1523 ad
863 1463 1020 1522 XXXVII.
1039 1482 1083 1522 ro.

418 1607 582 1670 Frontem
606 1609 1045 1696 tabernaescorpionibus
1069 1610 1227 1670 scribam

295 1747 341 1808 Ex
366 1747 540 1828 conjecturis
560 1767 634 1828 quas
658 1751 696 1810 de
717 1749 774 1810 boc
795 1751 862 1811 loco
883 1751 1052 1828 interpretes
1070 1749 1257 1828 protulerunt,
1272 1759 1402 1826 quatuor

255 1859 368 1908 tantum
382 1849 443 1908 ueri
457 1847 565 1908 similes
577 1867 642 1908 esse
655 1849 791 1910 uidentur
804 1850 1024 1927 scipionibus
1044 1849 1298 1926 scriptionibus
1319 1865 1401 1907 sco·

254 1947 420 2024 pionibus
442 1947 698 2025 scorpionibus.
739 1948 778 2009 Et
802 1948 1022 2026 scipionibus
1042 1949 1161 2025 quidem
1181 1948 1265 2025 quod
1285 1946 1402 2006 baculis

255 2045 400 2104 semiustis
422 2045 645 2122 interpretantur
665 2047 719 2126 (sic
740 2045 829 2106 Conr.
852 2045 890 2106 de
912 2043 1003 2126 Allio)
1027 2061 1195 2124 quanquam
1217 2045 1257 2104 ad
1281 2055 1401 2104 senten

254 2143 326 2202 tiam
348 2143 417 2203 satis
439 2145 637 2216 commodum,
659 2146 709 2205 uix
730 2144 834 2205 Latiae
856 2145 912 2206 dici
933 2145 1039 2204 iudico.
1079 2143 1152 2206 Esto
1172 2144 1269 2203 enim:
1292 2143 1404 2202 bacula

256 2251 324 2302 sunt
350 2242 496 2320 scipiones
523 2241 668 2322 (σκῆπτρα)
695 2254 725 2303 at
751 2245 892 2304 semiusta
919 2261 972 2320 per
994 2261 1027 2303 se
1051 2261 1113 2303 non
1145 2253 1231 2316 sunt;
1264 2241 1318 2300 sed
1342 2243 1400 2300 nisi

256 2341 401 2400 semiustis
418 2341 529 2402 bactdIs
543 2341 590 2402 hic
608 2360 669 2402 non
689 2359 765 2420 opus
782 2353 842 2416 est;
864 2342 919 2402 nisi
933 2341 1007 2402 sorte
1021 2353 1155 2418 putamus
1173 2341 1284 2400 bacuIs
1298 2339 1400 2400 Cauil-

255 2438 317 2498 lum
335 2439 403 2500 ideo
421 2441 559 2500 tabernae
575 2439 700 2500 frontem
718 2442 861 2518 picturum
877 2440 975 2512 finisse
990 2450 1022 2499 ut
1035 2439 1124 2500 lustes
1138 2437 1269 2498 moechis
1282 2439 1399 2497 minita-

255 2547 340 2596 retur.
382 2535 479 2614 Magis
498 2538 593 2616 plaoet
611 2539 642 2598 id
659 2539 740 2616 quod
759 2549 827 2616 post
841 2538 1005 2599 Marcilium
1021 2539 1145 2599 coniecit
1158 2537 1199 2598 H.
1209 2539 1247 2596 Α.
1261 2537 1398 2596 Kochius

256 2633 370 2712 (Symb.
388 2633 490 2696 Philol.
509 2635 709 2697 &nuendum
728 2656 758 2713 p.
774 2635 846 2717 316)
865 2637 1126 2715 scriptionibus,
1141 2654 1207 2697 cum
1228 2635 1399 2695 huiusmodi

256 2733 337 2792 lusus
356 2743 389 2792 ut
409 2731 512 2794 Plauto
532 2734 664 2811 inprimis
683 2737 723 2796 ita
739 2733 853 2796 Catullo
873 2737 993 2796 minIme
1014 2737 1072 2795 sint
1091 2735 1184 2795 aliem
1226 2733 1273 2794 Cs.
1288 2734 1342 2794 VI.
1361 2749 1397 2810 ιγ

256 2830 341 2890 Tam
366 2840 398 2890 te
422 2829 520 2892 hasla
544 2832 652 2894 multa
675 2835 813 2896 basiare
836 2834 921 2894 VIII.
937 2847 973 2909 η
999 2833 1160 2895 Fructum
1184 2833 1243 2911 qui
1264 2835 1402 2894 ueteris

256 2928 379 3006 pedem
399 2931 534 3006 grabati
556 2929 596 2990 1n
617 2931 711 2992 collo
732 2933 799 2993 sibi
819 2933 995 2993 collocare
1015 2943 1140 3010 posset,
1159 2931 1242 2992 XIV.
1257 2951 1275 3008 3
1291 2931 1399 2992 Odis-

256 3045 327 3086 sem
340 3037 374 3086 te
388 3027 470 3088 odio
483 3027 674 3090 Vatiniano
694 3029 793 3091 XXII.
808 3049 844 3103 14
864 3031 962 3090 Idem
977 3031 1132 3091 infaceto
1147 3040 1199 3090 est
1212 3029 1398 3090 infacetior

255 3143 334 3186 rure
352 3125 465 3185 XXIII
484 3130 520 3186 18
540 3127 642 3189 Hanc
663 3129 706 3189 ad
728 3129 939 3190 mundiciem
960 3129 1048 3190 adde
1069 3129 1293 3188 mundiorem
1336 3129 1398 3188 Sed

255 3235 287 3284 ut
313 3234 427 3284 taceam
449 3243 538 3301 quam
561 3227 650 3304 longe
675 3227 761 3288 distet
782 3228 1036 3304 scriptionibus
1059 3229 1097 3287 ab
1120 3245 1158 3286 eo
1181 3226 1262 3304 quod
1285 3226 1398 3288 habent

254 3322 372 3383 codices
393 3325 601 3400 sopionibus
621 3326 670 3386 uis
691 3327 729 3384 ad
749 3327 821 3386 iram
842 3325 1047 3403 fastidiumque
1066 3327 1136 3386 satis
1157 3343 1212 3385 uec
1230 3325 1299 3384 satis
1318 3325 1398 3386 clare

255 3421 314 3482 hoc
328 3422 436 3483 dictum
450 3424 571 3484 uidetur.
613 3424 691 3484 Nam
705 3426 729 3484 si
744 3425 957 3485 conscribillare
971 3443 1003 3484 se
1016 3427 1167 3485 tabernam
1179 3423 1253 3484 uelle
1264 3422 1398 3484 Cutrrssm

256 3521 335 3592 dixit,
358 3521 407 3580 uix
429 3521 518 3581 credo
540 3522 648 3582 dixisse
670 3523 724 3582 nisi
746 3523 865 3582 adiectis
886 3523 922 3584 iis
944 3541 1019 3600 quae
1041 3523 1198 3600 scripturus
1217 3532 1279 3581 erat
1286 3541 1295 3594 3
1317 3533 1397 3581 certe

255 3619 365 3680 omnsa
384 3619 434 3679 tali
454 3619 622 3681 delinitione
642 3621 760 3700 languet
777 3623 878 3682 nescio
896 3641 956 3700 quo
975 3623 1067 3684 modo
1084 3624 1139 3684 ista
1158 3641 1240 3682 mera
1258 3623 1397 3683 uocabuli

255 3719 422 3794 geminatio.
471 3718 520 3778 Ad
544 3738 606 3780 rem
630 3719 828 3781 illustrandam
852 3721 928 3782 utids
952 3732 996 3782 est
1019 3723 1102 3782 locus
1125 3721 1242 3782 Petroni
1266 3721 1327 3786 sat.
1345 3741 1395 3796 21,

255 3833 283 3892 p.
297 3835 334 3892 ²3
350 3815 516 3877 Buecheler.

295 3913 485 3974 Intraturus!
498 3917 679 3992 palaestrales
700 3919 850 3994 complures
873 3926 899 3978 et
920 3939 969 3978 nos
989 3919 1105 3996 legalem
1122 3919 1255 3998 perfusos
1275 3919 1330 3976 oleo
1351 3939 1396 3977 re·

243 4011 384 4088 fecerunt.
419 4021 552 4090 measque
578 4033 644 4093 ergo
669 4016 832 4074 hasthdrire
852 4017 955 4077 absecto
981 4019 1120 4076 cenatoria
1147 4018 1290 4092 repetebas
1316 4021 1397 4076 etsie

248 4113 414 4184 proximam
434 4113 529 4170 cellam
549 4113 626 4171 diecti
640 4132 742 4184 merus,
757 4116 787 4170 in
803 4131 859 4190 pua
877 4121 933 4173 tres
949 4115 1013 4173 lecti
1028 4117 1117 4174 strati
1130 4122 1213 4173 erant
1230 4121 1256 4172 et
1272 4114 1397 4190 reliquas

254 4207 430 4266 autberum
448 4219 601 4286 apparatus
618 4211 830 4287 splmdeiie'rst'me
845 4215 994 4288 expostus.
1025 4215 1098 4272 easn'
1115 4231 1180 4290 ergo
1198 4211 1394 4285 delubrum

254 4311 281 4360 et
300 4307 457 4377 gustatione
477 4309 598 4384 me‘rrfica
620 4311 728 4368 saraim
748 4311 812 4368 usito
833 4312 913 4368 ettam
936 4309 1060 4368 Falerno
1080 4311 1259 4370 sitandam.
1289 4315 1400 4386 excepti

253 4402 333 4460 etaiam
347 4403 478 4477 pluribus
487 4405 614 4482 serentes
633 4426 694 4466 eron
714 4407 868 4468 laberemur
887 4411 918 4467 in
940 4427 1072 4481 romum,
1096 4411 1186 4470 ‘staec
1206 4407 1282 4470 estt'
1304 4410 1398 4485 e'eqro't
