3074 5066
501 407 730 468 CARMINVM
755 409 946 470 CATVLLI.
1241 415 1299 470 22⁷

141 589 346 666 westphalius
359 610 396 650 ex
410 591 547 668 Aeschyli
561 593 663 669 Suppl.
680 609 871 668 1053-1057
884 619 915 646 =
933 593 1147 669 1058-1062¹‚
1163 596 1218 656 ubi¹
1228 595 1302 654 dues

141 688 284 764 strophas
302 689 369 748 deni
384 690 473 748 ionici
487 708 505 748 a
518 691 630 749 minore
645 691 780 751 efficiunt.
825 691 905 752 Nota
918 711 965 750 res
985 711 1021 751 en
1037 691 1143 752 Horati
1154 712 1179 752 c.
1195 693 1250 751 111.
1265 710 1299 750 ιο

141 784 328 848 Miserarum
346 789 682 862 πεπορπημένον
700 790 796 848 ludum
816 809 898 865 neque
918 791 1003 860 dulci,
1017 790 1097 866 quod
1118 801 1160 850 tot
1181 809 1300 866 passum

141 894 188 942 est
211 885 433 944 distributiones
460 896 532 962 quot
560 887 609 945 uix
638 887 716 947 aliud
741 905 849 964 poema
876 888 1090 948 Romanorum.
1134 887 1204 948 Hoc
1231 890 1256 947 si
1270 891 1301 946 in

142 982 249 1040 ionicis
264 1000 283 1039 a
295 983 409 1042 minore
431 1000 643 1060 nonnunquam
664 986 782 1045 euenire
801 996 924 1062 poterat,
939 1004 990 1044 cur
1009 1004 1070 1046 non
1088 987 1118 1044 in
1138 986 1221 1044 aliisi
1262 985 1301 1044 Et

141 1079 172 1136 in
194 1081 349 1155 paeonicis
370 1081 489 1158 quidem
502 1081 533 1141 id
547 1084 680 1142 euenisse
697 1083 778 1142 testis
796 1094 840 1143 est
855 1083 1037 1161 Hephaestio
1059 1085 1089 1142 in
1111 1084 1217 1144 eodem
1234 1085 1301 1144 loco

142 1181 231 1248 §124
240 1179 323 1234 Ἐστι
343 1181 372 1235 δέ
392 1202 450 1235 τινα
467 1181 501 1235 τὰ
514 1183 544 1253 ἐξ
557 1182 653 1251 ὁμοίιον
667 1180 733 1238 οὕτω
746 1185 904 1253 πεποιημένα
926 1181 966 1260 (h.
981 1201 1006 1240 e.
1021 1183 1085 1238 rard
1099 1182 1196 1254 σχέσιν
1209 1182 1256 1240 uel
1270 1183 1301 1241 in

142 1275 283 1352 strophas
303 1276 468 1350 distributa)
489 1275 544 1333 οέαν
564 1279 597 1334 τὰ
612 1279 732 1351 Ἑρμείου
751 1281 875 1336 namursi
896 1279 959 1335 ὄντα

423 1407 504 1465 ‘Emi
517 1432 562 1479 μοι
576 1411 615 1467 δὶς
628 1413 766 1482 τριάκοντα
779 1412 908 1478 βασιλεὺς
923 1413 1021 1483 σχεδόν

142 1540 185 1594 eal
200 1541 235 1593 rh
248 1542 316 1611 ἑξῆς.
358 1537 443 1597 Idem
463 1539 591 1616 sequitur
608 1558 644 1598 ex
659 1549 720 1598 arte
735 1539 853 1599 musica.
897 1539 975 1599 Nam
997 1541 1205 1617 antiquissimis
1225 1549 1299 1598 tem-

142 1637 268 1712 poribus
292 1637 436 1695 canebant
459 1639 589 1696 carmina
610 1655 672 1697 non
697 1638 850 1714 legebant;
883 1639 1055 1698 canentibus
1078 1647 1186 1710 autem,
1211 1639 1299 1697 etiam

142 1753 227 1794 mera
247 1752 330 1800 voce,
348 1735 433 1794 certis
454 1736 631 1812 quibusdam
651 1737 750 1814 pausis
770 1755 842 1796 usus
862 1747 939 1809 erat;
962 1736 1054 1795 multo
1076 1746 1173 1794 autem
1195 1737 1298 1812 magis,

142 1833 168 1892 si
190 1834 269 1892 tibiis
291 1834 338 1892 uel
358 1833 474 1892 cithara.
517 1834 620 1910 ltaque
638 1835 687 1894 uix
706 1836 819 1895 maiora
837 1853 908 1895 uero
926 1836 998 1894 dixit
1012 1833 1209 1909 Westphalius
1228 1835 1298 1892 dum

142 1931 274 2008 strophis
295 1932 421 1990 eandem
434 1941 609 1991 uetustatem
630 1933 715 2009 ponit
729 1950 818 2009 quam
837 1933 1023 1993 carminibus.
1053 1929 1169 2012 (Catuli,
1184 1950 1213 2009 p.
1228 1927 1299 2009 ²70)

143 2029 228 2088 Num
250 2039 387 2106 putamus
409 2039 475 2088 ante
496 2030 647 2088 inuentum
667 2030 811 2107 Elegeion
835 2042 988 2108 ceteraque
1009 2040 1170 2090 metrorum
1190 2048 1299 2106 genera

143 2127 334 2186 hexametros
349 2127 490 2186 diuisione
504 2129 631 2204 partium
645 2129 791 2188 cantisse?
819 2128 887 2188 Hoc
902 2139 946 2188 est
961 2129 1029 2187 illud
1044 2128 1166 2187 omnino
1181 2147 1298 2206 negare,

143 2226 227 2302 quod
249 2226 381 2284 nondum
400 2224 562 2301 perfectum
588 2227 632 2286 sit.
675 2225 739 2285 Nec
760 2246 778 2286 a
798 2229 909 2287 ratione
931 2227 1066 2286 abhorret
1087 2226 1181 2298 ipram
1202 2227 1227 2286 si
1248 2227 1299 2303 qui

142 2323 279 2382 Deorum
301 2323 368 2382 iacti
384 2332 490 2394 essent,
511 2332 545 2382 ut
564 2342 659 2400 paean
679 2324 726 2384 ille
747 2343 807 2402 quo
828 2327 978 2398 πανημέριοι
995 2325 1117 2383 iuuenes
1130 2324 1298 2400 Apollinem

143 2421 315 2480 mulcebant
342 2417 528 2500 (11.A.472)
552 2431 584 2478 ut
611 2420 704 2479 melos
730 2439 824 2492 suum,
847 2421 887 2479 ita
909 2433 1006 2498 partes
1030 2420 1175 2480 habuisse.
1227 2419 1297 2478 Non

143 2519 213 2578 dico
237 2518 275 2578 de
299 2517 418 2594 stropha
437 2527 467 2576 et
488 2517 689 2594 antistropho;
722 2528 836 2594 poteret
854 2519 933 2576 enim
955 2537 1073 2578 carmen
1094 2519 1134 2576 ita
1156 2517 1245 2576 diuidi
1266 2528 1298 2576 ut

142 2627 223 2675 ratas
244 2619 385 2688 περινοσᾶς
405 2615 524 2674 haberet
545 2633 641 2674 rerum
662 2615 758 2675 ordini
778 2616 1023 2692 obtemperantes,
1045 2633 1101 2674 nec
1122 2625 1221 2673 tamen
1244 2615 1298 2673 sibi

142 2713 359 2790 respondentes
378 2714 503 2772 inuicem
519 2731 602 2773 more
621 2713 757 2790 strophae
773 2724 802 2772 et
817 2714 997 2791 antistrophi.
1039 2711 1108 2772 Hoc
1130 2731 1166 2771 ex
1186 2713 1298 2773 collatis

143 2811 211 2870 Iulii
232 2811 358 2870 Pollucis
377 2810 521 2871 Plutarchi
535 2811 698 2872 Aristotelis
719 2812 817 2872 uerbis
838 2813 970 2872 elucebit.
1012 2812 1109 2871 Docet
1130 2813 1209 2870 enim
1230 2812 1298 2871 Plu·

142 2909 265 2969 tarchus
287 2908 345 2988 (De
367 2909 482 2969 Musica
499 2909 559 2988 ΙΙΙ)
583 2908 787 2986 Terpandlum
809 2913 982 2986 κιθαριοδιιιῶν
1001 2911 1110 2981 ποιητὴν
1130 2909 1192 2966 ὄντα
1213 2911 1298 2983 νόμον

142 3011 209 3065 κατὰ
231 3011 310 3080 νέμον
323 3009 433 3065 ἕκαστον
452 3013 508 3068 τοῖς
528 3012 604 3066 έπισι
617 3015 673 3068 τοῖο
687 3013 779 3066 ineos
799 3012 840 3066 καὶ
858 3014 911 3068 reis
925 3009 1039 3080 Ὀμήρου
1055 3012 1121 3080 μελη
1135 3009 1299 3082 περιτιθέντα

140 3107 217 3180 ᾄδειν
231 3109 260 3162 έν
272 3112 327 3164 rote
339 3107 447 3181 ιέγῶσιν.
461 3107 595 3180 ἂποῷναι
608 3109 637 3163 δέ
652 3112 746 3164 τοῦτον
764 3111 836 3181 λέγει
856 3107 971 3178 ὀνόματα
990 3113 1094 3180 πρῶτον
1113 3109 1169 3164 ταῖς
1188 3107 1298 3180 zedape-

142 3207 227 3263 δικοῖε
247 3208 342 3274 νόμοις.
371 3207 465 3276 ὀμοέωι
484 3207 514 3261 δι’
527 3207 683 3282 Τερπάνδρῳ
698 3208 808 3275 Κλονᾶν,
823 3207 870 3261 τὸν
889 3211 994 3278 πρῶτον
1014 3207 1216 3275 συστησάμενον
1237 3204 1299 3262 τοὺς

141 3303 305 3378 αι’νληνδιεοιλι
317 3305 412 3374 νόμους
425 3304 467 3358 sul
479 3304 512 3358 ul
525 3305 656 3376 προσόδια
669 3303 792 3376 ε’λεγεέων
804 3325 834 3358 τε
847 3304 889 3358 καὶ
902 3303 971 3359 έπῶν
984 3303 1092 3372 ποιητὴν
1105 3304 1254 3375 γεγονέναι.
1269 3345 1296 3362 ..

142 3404 176 3455 oi
194 3401 226 3456 δέ
245 3401 318 3470 νέμοι
338 3403 364 3456 ol
384 3403 448 3456 κατὰ
468 3400 574 3458 τούτους
594 3401 732 3456 asloensi
748 3399 824 3472 ἦσαν,
841 3399 1118 3474 ’λπέθιτοι,”Ελεγαι,
1133 3401 1296 3474 Καμέρχωι,

142 3497 278 3570 Σχοινίων,
293 3496 397 3568 Κηπέινν
410 3521 440 3554 τε
453 3500 494 3554 eal
508 3501 583 3556 Δεῖος
601 3501 643 3554 καὶ
654 3498 789 3570 Τριμελής.
801 3485 913 3574 ’ὑστέρῳ
930 3499 959 3553 δέ
972 3501 1058 3574 χρόνῳ
1078 3498 1119 3553 cel
1140 3498 1173 3552 td
1192 3500 1295 3568 πολυμ-

141 3595 237 3650 νάστια
250 3593 394 3666 καλούμενα
407 3596 536 3668 έξινρέθη.
565 3597 597 3650 Ol
611 3597 640 3651 δέ
653 3597 699 3665 τῆς
712 3595 863 3671 κιθαρῳδίας
877 3599 951 3665 νόμοι
965 3597 1093 3667 πρότερον
1105 3598 1198 3672 πολλῷ
1209 3599 1297 3673 χρόνην

431 3777 440 3809 ¹
457 3781 539 3843 Ἡμιχ.
552 3779 582 3830 α’.
601 3778 701 3841 δμέγιιι
713 3779 768 3830 Ζεὺς
780 3779 895 3842 &nahita

599 3859 677 3921 νέων
687 3860 855 3923 Αέννπηννῆ
866 3881 914 3922 rw·-

458 3945 541 4005 Ἡμιχ.
554 3942 587 4000 β’.
599 3943 628 3992 rh
639 3942 684 4003 μὲν
694 3943 725 3992 ἂν
735 3940 858 3998 βέλτατον
869 3947 914 4002 εἴη.

598 4025 628 4075 σὺ
640 4025 666 4074 δέ
678 4025 774 4088 θέλγοις
785 4025 814 4076 tv
825 4027 951 4077 ἄθελκτον.

456 4109 539 4171 Ἡμιχ.
551 4106 582 4156 α’.
599 4107 630 4156 σὺ
641 4105 669 4156 δέ
678 4108 702 4169 η’
714 4109 757 4157 einr
769 4107 838 4158 alcea
849 4109 878 4156 eb
888 4106 990 4168 μέλλον.

458 4191 540 4254 Ἡμιχ.
552 4189 585 4246 β’.
597 4189 622 4240 τέ
632 4189 658 4238 δέ
669 4189 754 4250 μέλλοι
766 4189 841 4254 φρένα
852 4191 905 4238 blau

598 4275 699 4336 καθαμᾷν
710 4271 766 4332 ὄψιν
778 4271 900 4326 musone:

598 4353 694 4416 μέτριον
706 4355 748 4402 νῦν
760 4352 816 4402 έποι
827 4355 908 4415 εὔχου.

456 4434 539 4495 Ἡμιχ.
551 4433 581 4482 ιε’.
597 4433 652 4483 rire
662 4431 744 4496 καιρόν
753 4451 784 4493 με
795 4422 927 4491 labdonem

454 4511 539 4578 'lii‘lib
551 4514 584 4571 δ’.
596 4515 627 4564 τὰ
639 4518 698 4565 θεῦν
708 4513 783 4575 μηδέν
794 4512 898 4577 dapifera.

675 4620 766 4683 ege
