3118 5054
266 395 354 452 xxxvi
658 394 1023 456 PROLEGOMENA.

266 574 297 632 in
311 573 391 634 calce
405 573 545 650 scripturn
563 585 607 633 est
620 573 717 632 Fr‘m'to
734 574 806 632 libro
827 575 982 654 rueramus
997 575 1102 650 groeeir
1119 572 1241 633 Christo.
1283 571 1416 632 Plerum-

266 687 325 747 que
346 670 418 729 mire
439 671 586 730 consentit
601 689 670 730 cum
689 671 943 747 Sangermanensi
958 689 984 730 e.
995 689 1023 748 g.
1038 669 1135 729 Losa
1149 677 1182 728 ul
1193 670 1246 729 XI.
1262 688 1290 744 3,
1313 669 1416 728 Verrem

266 769 349 826 eilties
364 767 463 842 populi
474 767 598 826 LXVII.
613 787 659 839 12,
679 769 710 826 in
729 781 852 846 utroque
870 768 982 845 legitur,
996 768 1046 826 ubi
1064 768 1152 827 ceteri
1168 768 1286 826 codices
1303 767 1416 825 habent

265 866 351 924 Litus
374 867 429 938 ubi,
452 867 551 925 Verum
576 870 627 926 isli
648 868 695 926 uel
720 871 789 926 utu.
832 869 931 926 Habet
955 869 1027 928 haec
1053 869 1107 926 sibi
1131 868 1255 944 propria
1297 866 1416 927 Omittit

264 963 379 1024 XXVI.
397 984 423 1037 a,
451 963 559 1023 LXIV.
581 983 649 1039 330,
676 969 825 1040 379-382,
851 965 958 1024 LXVI.
979 985 1013 1024 ar
1041 965 1222 1042 Languidior
1249 970 1340 1022 tenera
1367 967 1420 1020 cui

262 1061 381 1136 pendens
393 1063 481 1120 siculo
496 1061 562 1134 lela,
577 1062 718 1122 LXVIII.
738 1067 773 1122 16
788 1062 938 1121 Iocundm
957 1081 1019 1122 cum
1035 1071 1109 1121 aetas
1120 1062 1230 1138 floreila
1248 1081 1298 1119 uer
1311 1066 1414 1136 ageret,

267 1159 317 1234 qui
332 1158 392 1217 duo
406 1177 508 1218 uersus
522 1160 552 1217 in
567 1161 669 1219 ceteris
688 1161 840 1219 codicibus
856 1160 902 1218 bis
921 1159 1064 1236 leguntur,
1078 1161 1157 1235 prior
1175 1160 1206 1218 in
1224 1159 1291 1217 loco
1312 1175 1366 1217 suo
1385 1166 1415 1216 et

266 1264 335 1332 post
349 1255 457 1314 LXIV.
475 1259 543 1330 386,
565 1256 636 1315 alter
657 1258 687 1315 in
707 1258 776 1316 loco
798 1274 853 1316 suo
874 1268 903 1316 et
923 1267 991 1335 post
1012 1256 1152 1315 LXVIII.
1169 1277 1217 1332 49,
1237 1257 1266 1314 in
1284 1253 1415 1312 Osemel

266 1361 381 1412 tantum
406 1363 435 1412 et
458 1354 489 1412 in
513 1353 583 1412 sede
606 1373 695 1431 quam
718 1355 777 1414 dixi
802 1356 903 1414 aliena.
946 1353 1046 1414 Habet
1069 1372 1171 1414 uersus
1194 1372 1255 1428 3,4
1277 1353 1415 1412 carminis

267 1448 354 1508 XCII
383 1448 442 1520 Quo
468 1453 572 1526 signo)
605 1454 670 1526 quia
693 1459 761 1510 sunl
784 1454 890 1510 loleilem
917 1471 984 1511 neco.
1012 1451 1152 1527 Deprecor
1179 1451 1258 1508 illam
1284 1449 1414 1520 Ascliae,

267 1564 364 1604 uerum
385 1547 534 1622 dripereem
556 1551 616 1606 m'se'
632 1568 701 1619 arno,
716 1550 767 1626 qui
786 1550 892 1609 abstmt
910 1551 998 1608 etiarn
1016 1567 1033 1608 a
1050 1547 1087 1619 G,
1102 1547 1295 1607 Lachmanno
1314 1557 1414 1604 autem

268 1646 306 1703 ab
334 1643 414 1704 Italis
441 1664 477 1704 ex
506 1644 602 1705 Gellio
627 1645 679 1724 (N.
696 1648 732 1705 A.
753 1647 806 1705 VI.
824 1645 873 1723 16)
901 1648 931 1706 in
960 1647 1106 1706 Catullum
1133 1646 1242 1705 inducti
1269 1645 1412 1704 uidentur.

267 1741 365 1799 Prima
378 1743 485 1818 pagina
498 1744 658 1818 praefixam
672 1743 759 1803 habet
772 1744 849 1803 hanc
868 1755 969 1803 notam
986 1749 1015 1807 Ι
1031 1744 1162 1802 uersibus
1176 1743 1199 1801 Ι.
1216 1745 1233 1801 8
1251 1741 1345 1812 Quare
1363 1741 1418 1800 n'bt'

267 1838 336 1896 leole
348 1841 479 1915 quiequid
489 1840 538 1898 loc
551 1841 643 1913 libelli,
660 1840 699 1900 II.
714 1855 729 1915 7
746 1839 790 1898 El
800 1841 955 1900 solaciolum
969 1845 1018 1899 sui
1027 1841 1139 1911 muru,
1161 1858 1193 1899 11
1212 1838 1282 1897 Tam
1294 1847 1413 1913 graelum

267 1942 308 1994 erl
325 1937 398 1994 melei
414 1955 496 2012 quom
506 1938 614 2014 serunt
627 1939 723 2013 puelle,
745 1937 828 1996 111.1
846 1939 932 2014 lugete
949 1957 964 1996 0
983 1957 1092 1996 ueneres
1110 1937 1417 2013 euprilr'rresque,13Al

268 2033 345 2091 uobis
358 2035 429 2092 male
444 2037 483 2093 sil
499 2035 571 2092 mule
587 2035 715 2103 lenebre,·
735 2049 885 2110 praeterea
906 2036 1020 2094 notulas
1042 2036 1185 2111 quasdam
1205 2034 1244 2094 ad
1256 2034 1280 2092 1.
1293 2055 1311 2104 4
1326 2031 1414 2090 Intel-

267 2131 325 2206 lr'go
343 2131 375 2188 de
393 2131 508 2207 ue'rgrlr'o
526 2139 553 2190 e!
563 2143 617 2207 per
635 2139 691 2190 tres
710 2140 804 2190 carlus
821 2133 941 2207 tielelltgo
959 2140 1016 2190 tres
1035 2135 1092 2190 eries
1112 2133 1198 2189 libros
1216 2131 1245 2208 ἢ
1264 2131 1413 2188 bucholica.

271 2227 408 2303 Georgica
424 2229 450 2285 d·
464 2227 588 2304 Eneydu,
603 2227 630 2286 I.
644 2249 661 2303 9
677 2227 805 2305 Intellego
823 2231 855 2286 de
865 2231 969 2304 palade
986 2230 1031 2287 uel
1046 2230 1078 2286 de
1096 2247 1175 2286 musa
1188 2237 1202 2286 ῑ
1211 2229 1300 2303 gnoti
1311 2227 1414 2304 (gene-

268 2321 331 2400 rali)
345 2343 414 2398 quae
426 2324 475 2381 diu
483 2332 628 2399 permonet
638 2345 684 2382 ceu
698 2328 845 2397 interlabi,
860 2327 900 2385 11.
914 2347 925 2385 r
947 2326 1082 2402 Complelo
1092 2326 1235 2401 proleme'o
1250 2335 1316 2400 opus
1331 2344 1413 2383 suum

268 2421 379 2478 zuchoae
390 2423 464 2496 quod
474 2423 557 2479 uario
569 2430 717 2480 metrorum
726 2442 827 2499 genere
835 2427 1011 2500 prosequitur
1021 2427 1138 2482 mulereo
1152 2423 1314 2500 larnensere
1326 2425 1415 2480 omnib

268 2522 309 2574 est
330 2519 431 2574 comr‘ca
454 2523 486 2574 ul
507 2518 627 2596 rirsereiu
650 2521 860 2578 donontrotur.
903 2521 1023 2581 Viderat
1047 2521 1125 2580 hunc
1148 2521 1282 2580 codicem
1302 2520 1414 2578 amicus

270 2611 409 2683 Santenii,
424 2631 549 2690 eumque
563 2633 618 2691 pro
634 2615 773 2675 Santenio
788 2629 961 2678 excusserat.
1004 2618 1100 2677 Etiam
1117 2636 1195 2677 nunc
1210 2627 1364 2694 supersunt
1383 2617 1414 2676 in

269 2711 372 2770 codice
390 2722 495 2784 cartae,
513 2713 618 2789 quibus
636 2714 710 2774 haec
731 2725 859 2786 testatur,
878 2716 1015 2793 additque
1038 2735 1069 2774 se
1092 2716 1130 2774 ad
1153 2715 1322 2774 Santenium
1343 2715 1414 2772 nihil

269 2808 390 2868 misisse.
434 2809 524 2870 Hunc
541 2812 675 2872 codicem
695 2824 744 2871 aut
763 2815 997 2888 antiquissimum
1012 2814 1108 2873 habeo
1122 2813 1254 2872 omniurn
1269 2815 1318 2890 qui
1333 2832 1414 2874 nunc

269 2917 424 2982 supersunt
438 2919 489 2967 aut
501 2926 562 2968 uno
576 2908 770 2969 Germanensi
784 2911 957 2970 inferiorern.

312 3049 338 3102 4.
360 3030 401 3091 D.
413 3031 555 3102 Batauus,
567 3033 661 3112 (Diez.
671 3034 705 3092 B.
715 3034 796 3093 Sant.
808 3033 859 3110 37)
871 3035 941 3092 olirn
953 3033 1051 3093 Caroli
1062 3034 1138 3105 Dati,
1152 3052 1223 3092 mox
1238 3034 1276 3093 N.
1289 3033 1414 3104 Heinsii,

270 3137 421 3204 postremo
443 3129 580 3200 Santenii,
596 3132 677 3190 cuius
698 3150 766 3190 cum
787 3141 927 3208 apparatu
946 3133 1056 3206 reliquo
1075 3131 1238 3191 Catulliano
1256 3143 1414 3208 postquam

270 3242 349 3284 anno
374 3229 451 3285 1800
474 3227 513 3284 H.
526 3227 558 3286 F.
573 3227 665 3288 Diezii
686 3229 780 3288 lactus
802 3241 854 3300 est,
876 3230 951 3288 inter
975 3247 1048 3305 opes
1071 3228 1227 3288 Dieziunas
1251 3231 1281 3288 in
1305 3229 1415 3288 Biblio-

268 3322 385 3382 thecam
400 3323 524 3399 Regiam
539 3324 759 3384 Berolinensem
774 3324 929 3402 peruenit¹.
971 3325 1047 3385 ‘Est
1061 3337 1208 3386 cartaceus
1223 3326 1317 3386 forma
1331 3337 1414 3384 octo-

270 3420 381 3478 ‘naria
426 3419 564 3479 Continet
588 3420 656 3479 lolia
680 3421 775 3492 LXII,
800 3439 925 3496 quorum
949 3441 1016 3499 pars
1043 3421 1132 3500 longe
1159 3425 1288 3482 maxima
1311 3443 1415 3483 uersus

269 3516 412 3575 ‘uicenos
440 3517 571 3593 singulos
597 3519 694 3577 habet
736 3517 852 3578 Catullo
879 3521 1045 3596 praeposita
1073 3531 1117 3579 est
1145 3521 1174 3578 in
1202 3520 1277 3579 loliis
1301 3520 1416 3578 I-VIr

269 3617 277 3644 ‘
293 3611 392 3673 Ouidii
406 3632 480 3690 quae
495 3615 584 3674 fertur
596 3615 729 3691 Epistula
743 3615 880 3693 Sapphus
894 3617 1017 3695 (heroid.
1029 3616 1098 3693 XV)
1114 3619 1143 3675 in
1158 3617 1228 3676 lolio
1242 3616 1328 3676 LXII
1344 3619 1414 3677 nihil

269 3714 277 3740 ‘
293 3711 430 3787 scriptum
447 3722 560 3788 praeter
574 3713 707 3772 ultimum
726 3714 790 3772 libri
804 3713 959 3772 Catulliani
977 3732 1095 3774 uersum
1114 3724 1142 3773 et
1161 3715 1414 3790 subscriptionem,

269 3807 371 3865 ‘unde
392 3808 531 3867 datanum
553 3827 632 3868 anno
649 3813 726 3884 1463
749 3821 899 3869 exaramm
920 3830 984 3870 esse
1006 3812 1123 3881 scimus,
1145 3812 1303 3886 imaginem
1324 3813 1416 3888 scrip-

269 3905 278 3934 ‘
292 3911 372 3960 turae
391 3903 565 3981 lithographi
584 3917 644 3964 arte
663 3925 832 3984 expressam
847 3907 912 3984 (sed
926 3925 985 3983 qua
999 3919 1083 3966 caute
1097 3908 1238 3966 utendum
1253 3905 1310 3984 est)
1325 3908 1415 3966 edidit

270 3999 330 4058 ‘G.
345 3999 529 4062 Froehnems
549 4004 647 4079 philol.
666 4005 767 4062 XIIII.
783 4006 851 4080 569.
874 4004 971 4064 datani
993 4024 1097 4064 manus
1118 4006 1212 4081 prima
1232 4006 1303 4082 quid
1324 4007 1414 4082 scrip-

269 4097 360 4156 ‘serit
379 4099 494 4174 saepius
509 4099 674 4160 difficillime
696 4102 830 4177 dignosci
849 4113 953 4178 potest,
969 4121 1036 4162 cum
1055 4115 1234 4162 correctores
1253 4113 1312 4162 tres
1330 4103 1414 4160 mini·

269 4203 276 4228 ⁴
292 4215 375 4255 mum
386 4197 509 4268 luerunt,
524 4199 575 4257 sed
592 4200 700 4277 ubique
718 4202 838 4276 singulis
852 4221 904 4260 sua
918 4205 1043 4262 tribuere
1058 4221 1113 4262 nec
1126 4203 1192 4261 licet
1207 4221 1262 4262 nec
1277 4203 1414 4280 prodest:

271 4301 277 4325 ‘
294 4295 384 4354 multa
398 4296 546 4355 eradendo
557 4299 698 4356 mutando
713 4299 955 4372 superscribendo
965 4301 1116 4375 pristinam
1126 4302 1297 4376 scripturam
1309 4301 1414 4358 mirum

725 4443 733 4473 ¹
750 4446 880 4493 Schwabins
898 4463 920 4507 p.
933 4463 955 4495 x.
