<?xml version="1.0" encoding="UTF-8"?>
<!DOCTYPE html PUBLIC "-//W3C//DTD XHTML 1.0 Transitional//EN"
    "http://www.w3.org/TR/xhtml1/DTD/xhtml1-transitional.dtd">
<html xmlns="http://www.w3.org/1999/xhtml" xml:lang="en" lang="en">
 <head>
  <title>
</title>
<meta http-equiv="Content-Type" content="text/html;charset=utf-8" />
  <meta name='ocr-system' content='tesseract 3.04.00' />
  <meta name='ocr-capabilities' content='ocr_page ocr_carea ocr_par ocr_line ocrx_word'/>
</head>
<body>
  <div class='ocr_page' id='page_1' title='image "./catulliliber00elligoog_0090.png"; bbox 0 0 3118 5054; ppageno 0'>
   <div class='ocr_carea' id='block_1_1' title="bbox 643 394 952 461">
    <p class='ocr_par' dir='ltr' id='par_1_1' title="bbox 643 394 952 461">
     <span class='ocr_line' id='line_1_1' title="bbox 643 394 952 461; baseline -0.006 0"><span class='ocrx_word' id='word_1_1' title='bbox 643 395 863 461; x_wconf 84' lang='lat' dir='ltr'>CARMEN</span> <span class='ocrx_word' id='word_1_2' title='bbox 894 394 952 460; x_wconf 90' lang='lat' dir='ltr'><strong>lli.</strong></span> 
     </span>
    </p>
   </div>
   <div class='ocr_carea' id='block_1_2' title="bbox 440 586 996 652">
    <p class='ocr_par' dir='ltr' id='par_1_2' title="bbox 440 586 996 652">
     <span class='ocr_line' id='line_1_2' title="bbox 440 586 996 652; baseline 0 -2"><span class='ocrx_word' id='word_1_3' title='bbox 440 587 482 652; x_wconf 87' lang='lat' dir='ltr'><strong>Et</strong></span> <span class='ocrx_word' id='word_1_4' title='bbox 504 589 609 652; x_wconf 90' lang='lat' dir='ltr'><strong>tristis</strong></span> <span class='ocrx_word' id='word_1_5' title='bbox 631 589 734 650; x_wconf 84' lang='lat' dir='ltr'><strong>animi</strong></span> <span class='ocrx_word' id='word_1_6' title='bbox 759 588 864 650; x_wconf 84' lang='lat' dir='ltr'><strong>leuare</strong></span> <span class='ocrx_word' id='word_1_7' title='bbox 887 586 996 650; x_wconf 86' lang='lat' dir='ltr'><strong>curas!</strong></span> 
     </span>
    </p>
   </div>
   <div class='ocr_carea' id='block_1_3' title="bbox 441 809 1245 1121">
    <p class='ocr_par' dir='ltr' id='par_1_3' title="bbox 441 809 1245 1121">
     <span class='ocr_line' id='line_1_3' title="bbox 441 809 1245 895; baseline -0.005 -19"><span class='ocrx_word' id='word_1_8' title='bbox 441 813 526 876; x_wconf 87' lang='lat' dir='ltr'><strong>Tam</strong></span> <span class='ocrx_word' id='word_1_9' title='bbox 549 822 675 895; x_wconf 85' lang='lat' dir='ltr'><strong>gratum</strong></span> <span class='ocrx_word' id='word_1_10' title='bbox 696 821 745 876; x_wconf 89' lang='lat' dir='ltr'><strong>est</strong></span> <span class='ocrx_word' id='word_1_11' title='bbox 768 811 848 873; x_wconf 90' lang='lat' dir='ltr'><strong>mihi</strong></span> <span class='ocrx_word' id='word_1_12' title='bbox 871 829 968 894; x_wconf 90' lang='lat' dir='ltr'><strong>quam</strong></span> <span class='ocrx_word' id='word_1_13' title='bbox 990 809 1098 874; x_wconf 89' lang='lat' dir='ltr'><strong>ferunt</strong></span> <span class='ocrx_word' id='word_1_14' title='bbox 1120 809 1245 893; x_wconf 89' lang='lat' dir='ltr'><strong>puellae</strong></span> 
     </span>
     <span class='ocr_line' id='line_1_4' title="bbox 442 921 1030 1004; baseline -0.009 -17"><span class='ocrx_word' id='word_1_15' title='bbox 442 922 569 988; x_wconf 90' lang='lat' dir='ltr'><strong>Pernici</strong></span> <span class='ocrx_word' id='word_1_16' title='bbox 592 923 755 987; x_wconf 87' lang='lat' dir='ltr'><strong>aureolum</strong></span> <span class='ocrx_word' id='word_1_17' title='bbox 778 922 876 986; x_wconf 84' lang='lat' dir='ltr'><strong>fuisse</strong></span> <span class='ocrx_word' id='word_1_18' title='bbox 899 921 1030 1004; x_wconf 83' lang='lat' dir='ltr'><strong>malum,</strong></span> 
     </span>
     <span class='ocr_line' id='line_1_5' title="bbox 442 1031 1042 1121; baseline -0.002 -22"><span class='ocrx_word' id='word_1_19' title='bbox 442 1034 536 1121; x_wconf 82' lang='lat' dir='ltr'><strong>Qud</strong></span> <span class='ocrx_word' id='word_1_20' title='bbox 558 1053 677 1098; x_wconf 81' lang='lat' dir='ltr'><strong>ronam</strong></span> <span class='ocrx_word' id='word_1_21' title='bbox 699 1034 797 1097; x_wconf 91' lang='lat' dir='ltr'><strong>soluit</strong></span> <span class='ocrx_word' id='word_1_22' title='bbox 819 1032 874 1096; x_wconf 89' lang='lat' dir='ltr'><strong>diu</strong></span> <span class='ocrx_word' id='word_1_23' title='bbox 898 1031 1042 1115; x_wconf 82' lang='lat' dir='ltr'><strong>ligatam.</strong></span> 
     </span>
    </p>
   </div>
   <div class='ocr_carea' id='block_1_4' title="bbox 771 1257 830 1323">
    <p class='ocr_par' dir='ltr' id='par_1_4' title="bbox 771 1257 830 1323">
     <span class='ocr_line' id='line_1_6' title="bbox 771 1257 830 1323; baseline -0.034 0"><span class='ocrx_word' id='word_1_24' title='bbox 771 1257 830 1323; x_wconf 90' lang='lat'><strong>111.</strong></span> 
     </span>
    </p>
   </div>
   <div class='ocr_carea' id='block_1_5' title="bbox 399 1387 1177 1814">
    <p class='ocr_par' dir='ltr' id='par_1_5' title="bbox 399 1387 1177 1814">
     <span class='ocr_line' id='line_1_7' title="bbox 399 1387 1033 1476; baseline -0.006 -23"><span class='ocrx_word' id='word_1_25' title='bbox 399 1391 549 1476; x_wconf 76' lang='lat' dir='ltr'><strong>Luouru,</strong></span> <span class='ocrx_word' id='word_1_26' title='bbox 571 1410 592 1453; x_wconf 94' lang='lat' dir='ltr'><strong>o</strong></span> <span class='ocrx_word' id='word_1_27' title='bbox 614 1389 756 1455; x_wconf 88' lang='lat' dir='ltr'>Veneres</span> <span class='ocrx_word' id='word_1_28' title='bbox 778 1387 1033 1472; x_wconf 82' lang='lat' dir='ltr'><strong>Cupidinesque,</strong></span> 
     </span>
     <span class='ocr_line' id='line_1_8' title="bbox 444 1501 1177 1586; baseline -0.005 -21"><span class='ocrx_word' id='word_1_29' title='bbox 444 1502 485 1565; x_wconf 87' lang='lat' dir='ltr'><strong>Et</strong></span> <span class='ocrx_word' id='word_1_30' title='bbox 506 1510 661 1586; x_wconf 83' lang='lat' dir='ltr'><strong>quantum</strong></span> <span class='ocrx_word' id='word_1_31' title='bbox 685 1512 735 1565; x_wconf 89' lang='lat' dir='ltr'><strong>est</strong></span> <span class='ocrx_word' id='word_1_32' title='bbox 757 1502 925 1566; x_wconf 90' lang='lat' dir='ltr'><strong>hominum</strong></span> <span class='ocrx_word' id='word_1_33' title='bbox 947 1501 1177 1564; x_wconf 89' lang='lat' dir='ltr'><strong>uenustiorum.</strong></span> 
     </span>
     <span class='ocr_line' id='line_1_9' title="bbox 441 1616 1061 1700; baseline -0.003 -21"><span class='ocrx_word' id='word_1_34' title='bbox 441 1616 554 1680; x_wconf 81' lang='lat' dir='ltr'><strong>Passer</strong></span> <span class='ocrx_word' id='word_1_35' title='bbox 574 1633 716 1680; x_wconf 86' lang='lat' dir='ltr'><strong>mortuus</strong></span> <span class='ocrx_word' id='word_1_36' title='bbox 738 1627 789 1680; x_wconf 92' lang='lat' dir='ltr'><strong>est</strong></span> <span class='ocrx_word' id='word_1_37' title='bbox 812 1635 902 1679; x_wconf 91' lang='lat' dir='ltr'><strong>meae</strong></span> <span class='ocrx_word' id='word_1_38' title='bbox 925 1616 1061 1700; x_wconf 85' lang='lat' dir='ltr'><strong>puellae,</strong></span> 
     </span>
     <span class='ocr_line' id='line_1_10' title="bbox 442 1728 996 1814; baseline 0 -24"><span class='ocrx_word' id='word_1_39' title='bbox 442 1728 565 1814; x_wconf 83' lang='lat' dir='ltr'><strong>Passer,</strong></span> <span class='ocrx_word' id='word_1_40' title='bbox 586 1728 723 1792; x_wconf 87' lang='lat' dir='ltr'>deliciae</span> <span class='ocrx_word' id='word_1_41' title='bbox 746 1749 838 1791; x_wconf 83' lang='lat' dir='ltr'><strong>meae</strong></span> <span class='ocrx_word' id='word_1_42' title='bbox 860 1728 996 1814; x_wconf 83' lang='lat' dir='ltr'><strong>puellae,</strong></span> 
     </span>
    </p>
   </div>
   <div class='ocr_carea' id='block_1_6' title="bbox 221 1918 1378 2130">
    <p class='ocr_par' dir='ltr' id='par_1_6' title="bbox 221 1918 1378 2130">
     <span class='ocr_line' id='line_1_11' title="bbox 261 1918 1378 1988; baseline 0.001 -17"><span class='ocrx_word' id='word_1_43' title='bbox 261 1935 303 1984; x_wconf 72' lang='grc' dir='ltr'><strong>η.</strong></span> <span class='ocrx_word' id='word_1_44' title='bbox 322 1918 477 1971; x_wconf 80' lang='lat' dir='ltr'><strong>Priscianus</strong></span> <span class='ocrx_word' id='word_1_45' title='bbox 491 1922 542 1985; x_wconf 83' lang='lat'><strong>54⁶</strong></span> <span class='ocrx_word' id='word_1_46' title='bbox 555 1919 586 1973; x_wconf 91' lang='grc' dir='ltr'><strong>Ρ.</strong></span> <span class='ocrx_word' id='word_1_47' title='bbox 606 1920 629 1974; x_wconf 93' lang='lat'><strong>1.</strong></span> <span class='ocrx_word' id='word_1_48' title='bbox 645 1923 676 1973; x_wconf 85' lang='lat'><strong>16</strong></span> <span class='ocrx_word' id='word_1_49' title='bbox 694 1920 732 1974; x_wconf 86' lang='lat' dir='ltr'><strong>ed.</strong></span> <span class='ocrx_word' id='word_1_50' title='bbox 745 1921 809 1974; x_wconf 80' lang='lat' dir='ltr'><strong>Keil.</strong></span> <span class='ocrx_word' id='word_1_51' title='bbox 829 1920 957 1973; x_wconf 83' lang='lat' dir='ltr'><strong>Similiter</strong></span> <span class='ocrx_word' id='word_1_52' title='bbox 972 1919 1094 1973; x_wconf 80' lang='lat' dir='ltr'>Catullus</span> <span class='ocrx_word' id='word_1_53' title='bbox 1107 1919 1272 1973; x_wconf 83' lang='lat' dir='ltr'><strong>Veronensis</strong></span> <span class='ocrx_word' id='word_1_54' title='bbox 1286 1919 1378 1988; x_wconf 87' lang='lat' dir='ltr'><strong>‘quod</strong></span> 
     </span>
     <span class='ocr_line' id='line_1_12' title="bbox 222 1989 1377 2060; baseline 0 -18"><span class='ocrx_word' id='word_1_55' title='bbox 222 1991 343 2042; x_wconf 84' lang='lat' dir='ltr'><strong>‘zonam</strong></span> <span class='ocrx_word' id='word_1_56' title='bbox 363 1989 445 2041; x_wconf 89' lang='lat' dir='ltr'><strong>soluit</strong></span> <span class='ocrx_word' id='word_1_57' title='bbox 463 1990 585 2055; x_wconf 84' lang='lat' dir='ltr'><strong>ligatam’</strong></span> <span class='ocrx_word' id='word_1_58' title='bbox 603 1992 674 2044; x_wconf 88' lang='lat' dir='ltr'><strong>inter</strong></span> <span class='ocrx_word' id='word_1_59' title='bbox 692 1991 932 2060; x_wconf 78' lang='lat' dir='ltr'><strong>hendecasyllabos</strong></span> <span class='ocrx_word' id='word_1_60' title='bbox 950 1991 1102 2059; x_wconf 86' lang='lat' dir='ltr'><strong>phalaecios</strong></span> <span class='ocrx_word' id='word_1_61' title='bbox 1121 1992 1219 2059; x_wconf 84' lang='lat' dir='ltr'><strong>posuit,</strong></span> <span class='ocrx_word' id='word_1_62' title='bbox 1240 2007 1306 2058; x_wconf 79' lang='lat' dir='ltr'><strong>ergo</strong></span> <span class='ocrx_word' id='word_1_63' title='bbox 1328 1991 1377 2044; x_wconf 88' lang='lat' dir='ltr'><strong>nisi</strong></span> 
     </span>
     <span class='ocr_line' id='line_1_13' title="bbox 221 2060 1020 2130; baseline 0.004 -18"><span class='ocrx_word' id='word_1_64' title='bbox 221 2060 335 2113; x_wconf 79' lang='lat' dir='ltr'><strong>‘soluit&#39;</strong></span> <span class='ocrx_word' id='word_1_65' title='bbox 349 2060 519 2128; x_wconf 75' lang='lat' dir='ltr'><strong>trisyllabum</strong></span> <span class='ocrx_word' id='word_1_66' title='bbox 531 2063 654 2129; x_wconf 84' lang='lat' dir='ltr'><strong>accipias,</strong></span> <span class='ocrx_word' id='word_1_67' title='bbox 667 2077 762 2114; x_wconf 85' lang='lat' dir='ltr'><strong>uersus</strong></span> <span class='ocrx_word' id='word_1_68' title='bbox 774 2069 846 2114; x_wconf 86' lang='lat' dir='ltr'><strong>stare</strong></span> <span class='ocrx_word' id='word_1_69' title='bbox 858 2077 913 2114; x_wconf 91' lang='lat' dir='ltr'><strong>non</strong></span> <span class='ocrx_word' id='word_1_70' title='bbox 926 2062 1020 2130; x_wconf 84' lang='lat' dir='ltr'><strong>possit.</strong></span> 
     </span>
    </p>
   </div>
   <div class='ocr_carea' id='block_1_7' title="bbox 221 2248 1378 2363">
    <p class='ocr_par' dir='ltr' id='par_1_7' title="bbox 221 2248 1378 2363">
     <span class='ocr_line' id='line_1_14' title="bbox 221 2248 1378 2363; baseline -0.002 -16"><span class='ocrx_word' id='word_1_71' title='bbox 221 2248 361 2352; x_wconf 64' lang='lat' dir='ltr'><strong>iiiiiiu</strong></span> <span class='ocrx_word' id='word_1_72' title='bbox 443 2291 567 2346; x_wconf 74' lang='lat' dir='ltr'><strong>luderem</strong></span> <span class='ocrx_word' id='word_1_73' title='bbox 586 2293 615 2344; x_wconf 86' lang='lat' dir='ltr'><strong>u</strong></span> <span class='ocrx_word' id='word_1_74' title='bbox 685 2292 742 2360; x_wconf 83' lang='lat' dir='ltr'><strong>ipse</strong></span> <span class='ocrx_word' id='word_1_75' title='bbox 759 2311 786 2358; x_wconf 74' lang='lat' dir='ltr'><strong>a,</strong></span> <span class='ocrx_word' id='word_1_76' title='bbox 807 2293 934 2346; x_wconf 69' lang='lat' dir='ltr'><strong>sanstus</strong></span> <span class='ocrx_word' id='word_1_77' title='bbox 1015 2291 1071 2346; x_wconf 77' lang='lat' dir='ltr'><strong>issa</strong></span> <span class='ocrx_word' id='word_1_78' title='bbox 1089 2292 1212 2362; x_wconf 65' lang='lat' dir='ltr'><strong>nergssa</strong></span> <span class='ocrx_word' id='word_1_79' title='bbox 1224 2291 1378 2363; x_wconf 76' lang='lat' dir='ltr'><strong>panem.</strong></span> 
     </span>
    </p>
   </div>
   <div class='ocr_carea' id='block_1_8' title="bbox 218 2361 1418 4204">
    <p class='ocr_par' dir='ltr' id='par_1_8' title="bbox 223 2361 1381 2502">
     <span class='ocr_line' id='line_1_15' title="bbox 226 2361 1381 2433; baseline 0 -17"><span class='ocrx_word' id='word_1_80' title='bbox 226 2370 288 2430; x_wconf 82' lang='lat'><strong>385.</strong></span> <span class='ocrx_word' id='word_1_81' title='bbox 370 2363 479 2416; x_wconf 89' lang='lat' dir='ltr'><strong>Tecum</strong></span> <span class='ocrx_word' id='word_1_82' title='bbox 498 2363 592 2417; x_wconf 90' lang='lat' dir='ltr'><strong>ludere</strong></span> <span class='ocrx_word' id='word_1_83' title='bbox 609 2363 681 2416; x_wconf 91' lang='lat' dir='ltr'><strong>sicut</strong></span> <span class='ocrx_word' id='word_1_84' title='bbox 703 2363 759 2431; x_wconf 84' lang='lat' dir='ltr'><strong>ipsa</strong></span> <span class='ocrx_word' id='word_1_85' title='bbox 777 2379 856 2431; x_wconf 82' lang='lat' dir='ltr'><strong>posse</strong></span> <span class='ocrx_word' id='word_1_86' title='bbox 877 2365 974 2418; x_wconf 79' lang='lat' dir='ltr'><strong>Vossius</strong></span> <span class='ocrx_word' id='word_1_87' title='bbox 994 2363 1065 2433; x_wconf 87' lang='lat' dir='ltr'><strong>Vulp.</strong></span> <span class='ocrx_word' id='word_1_88' title='bbox 1083 2365 1133 2417; x_wconf 82' lang='lat' dir='ltr'><strong>Ed.</strong></span> <span class='ocrx_word' id='word_1_89' title='bbox 1152 2382 1170 2416; x_wconf 97' lang='lat' dir='ltr'><strong>a</strong></span> <span class='ocrx_word' id='word_1_90' title='bbox 1189 2361 1298 2431; x_wconf 86' lang='lat' dir='ltr'><strong>Bruner,</strong></span> <span class='ocrx_word' id='word_1_91' title='bbox 1316 2364 1381 2432; x_wconf 78' lang='lat' dir='ltr'><strong>quod</strong></span> 
     </span>
     <span class='ocr_line' id='line_1_16' title="bbox 223 2434 683 2502; baseline -0.002 -14"><span class='ocrx_word' id='word_1_92' title='bbox 223 2435 394 2502; x_wconf 74' lang='lat' dir='ltr'><strong>meliussaret</strong></span> <span class='ocrx_word' id='word_1_93' title='bbox 406 2450 494 2501; x_wconf 83' lang='lat' dir='ltr'><strong>posse,</strong></span> <span class='ocrx_word' id='word_1_94' title='bbox 507 2434 577 2487; x_wconf 86' lang='lat' dir='ltr'><strong>sicut</strong></span> <span class='ocrx_word' id='word_1_95' title='bbox 589 2434 683 2502; x_wconf 79' lang='lat' dir='ltr'><strong>ipsam.</strong></span> 
     </span>
    </p>

    <p class='ocr_par' dir='ltr' id='par_1_9' title="bbox 223 2503 1418 2997">
     <span class='ocr_line' id='line_1_17' title="bbox 264 2503 1378 2574; baseline 0 -16"><span class='ocrx_word' id='word_1_96' title='bbox 264 2524 307 2558; x_wconf 89' lang='grc' dir='ltr'><strong>ιο.</strong></span> <span class='ocrx_word' id='word_1_97' title='bbox 343 2507 447 2558; x_wconf 89' lang='lat' dir='ltr'><strong>Postu.</strong></span> <span class='ocrx_word' id='word_1_98' title='bbox 469 2522 501 2556; x_wconf 94' lang='grc' dir='ltr'><strong>ιο</strong></span> <span class='ocrx_word' id='word_1_99' title='bbox 524 2507 635 2574; x_wconf 87' lang='lat' dir='ltr'><strong>spatium</strong></span> <span class='ocrx_word' id='word_1_100' title='bbox 659 2503 773 2557; x_wconf 88' lang='lat' dir='ltr'><strong>relictum</strong></span> <span class='ocrx_word' id='word_1_101' title='bbox 796 2523 848 2557; x_wconf 91' lang='lat' dir='ltr'><strong>esse</strong></span> <span class='ocrx_word' id='word_1_102' title='bbox 871 2505 898 2557; x_wconf 90' lang='lat' dir='ltr'><strong>in</strong></span> <span class='ocrx_word' id='word_1_103' title='bbox 921 2504 1002 2557; x_wconf 88' lang='lat' dir='ltr'><strong>codiee</strong></span> <span class='ocrx_word' id='word_1_104' title='bbox 1025 2507 1127 2573; x_wconf 80' lang='lat' dir='ltr'><strong>antiquo</strong></span> <span class='ocrx_word' id='word_1_105' title='bbox 1151 2515 1277 2558; x_wconf 82' lang='lat' dir='ltr'><strong>testantur</strong></span> <span class='ocrx_word' id='word_1_106' title='bbox 1302 2503 1378 2558; x_wconf 83' lang='lat' dir='ltr'><strong>Alex.</strong></span> 
     </span>
     <span class='ocr_line' id='line_1_18' title="bbox 225 2575 1418 2644; baseline -0.001 -15"><span class='ocrx_word' id='word_1_107' title='bbox 225 2578 358 2630; x_wconf 81' lang='lat' dir='ltr'><strong>Guarinus</strong></span> <span class='ocrx_word' id='word_1_108' title='bbox 373 2587 399 2628; x_wconf 84' lang='lat' dir='ltr'><strong>et</strong></span> <span class='ocrx_word' id='word_1_109' title='bbox 410 2577 526 2628; x_wconf 75' lang='lat' dir='ltr'><strong>Petreius</strong></span> <span class='ocrx_word' id='word_1_110' title='bbox 543 2575 612 2644; x_wconf 84' lang='lat' dir='ltr'><strong>apud</strong></span> <span class='ocrx_word' id='word_1_111' title='bbox 622 2576 825 2628; x_wconf 84' lang='lat' dir='ltr'><strong>Lachmannum.</strong></span> <span class='ocrx_word' id='word_1_112' title='bbox 897 2577 985 2643; x_wconf 87' lang='lat' dir='ltr'><strong>ltaque</strong></span> <span class='ocrx_word' id='word_1_113' title='bbox 996 2577 1104 2629; x_wconf 83' lang='lat' dir='ltr'><strong>Lachm.</strong></span> <span class='ocrx_word' id='word_1_114' title='bbox 1117 2577 1188 2628; x_wconf 87' lang='lat' dir='ltr'><strong>unius</strong></span> <span class='ocrx_word' id='word_1_115' title='bbox 1203 2595 1287 2628; x_wconf 77' lang='lat' dir='ltr'><strong>uersus</strong></span> <span class='ocrx_word' id='word_1_116' title='bbox 1298 2578 1379 2628; x_wconf 85' lang='lat' dir='ltr'><strong>inter·</strong></span> <span class='ocrx_word' id='word_1_117' title='bbox 1413 2601 1418 2610; x_wconf 92' lang='lat'>·</span> 
     </span>
     <span class='ocr_line' id='line_1_19' title="bbox 224 2644 1378 2716; baseline -0.002 -16"><span class='ocrx_word' id='word_1_118' title='bbox 224 2647 323 2700; x_wconf 71' lang='lat' dir='ltr'><strong>sallon</strong></span> <span class='ocrx_word' id='word_1_119' title='bbox 336 2648 376 2698; x_wconf 85' lang='lat' dir='ltr'><strong>hie</strong></span> <span class='ocrx_word' id='word_1_120' title='bbox 382 2649 484 2716; x_wconf 72' lang='lat' dir='ltr'><strong>possat5</strong></span> <span class='ocrx_word' id='word_1_121' title='bbox 501 2665 571 2714; x_wconf 71' lang='lat' dir='ltr'><strong>queens</strong></span> <span class='ocrx_word' id='word_1_122' title='bbox 583 2665 639 2698; x_wconf 87' lang='lat' dir='ltr'><strong>cunr</strong></span> <span class='ocrx_word' id='word_1_123' title='bbox 649 2647 760 2715; x_wconf 85' lang='lat' dir='ltr'><strong>Hauptio</strong></span> <span class='ocrx_word' id='word_1_124' title='bbox 771 2657 795 2698; x_wconf 89' lang='lat' dir='ltr'><strong>et</strong></span> <span class='ocrx_word' id='word_1_125' title='bbox 805 2646 943 2698; x_wconf 86' lang='lat' dir='ltr'><strong>Froehnero</strong></span> <span class='ocrx_word' id='word_1_126' title='bbox 956 2646 1039 2715; x_wconf 81' lang='lat' dir='ltr'><strong>(Phil.</strong></span> <span class='ocrx_word' id='word_1_127' title='bbox 1047 2648 1121 2699; x_wconf 83' lang='lat' dir='ltr'><strong>XIV.</strong></span> <span class='ocrx_word' id='word_1_128' title='bbox 1130 2644 1197 2715; x_wconf 82' lang='lat'>575)</span> <span class='ocrx_word' id='word_1_129' title='bbox 1205 2657 1301 2699; x_wconf 87' lang='lat' dir='ltr'><strong>secutus</strong></span> <span class='ocrx_word' id='word_1_130' title='bbox 1312 2665 1378 2712; x_wconf 87' lang='lat' dir='ltr'><strong>sum,</strong></span> 
     </span>
     <span class='ocr_line' id='line_1_20' title="bbox 223 2717 1379 2787; baseline 0 -19"><span class='ocrx_word' id='word_1_131' title='bbox 223 2737 380 2787; x_wconf 80' lang='lat' dir='ltr'><strong>quansquarn</strong></span> <span class='ocrx_word' id='word_1_132' title='bbox 391 2719 414 2769; x_wconf 89' lang='lat' dir='ltr'><strong>si</strong></span> <span class='ocrx_word' id='word_1_133' title='bbox 425 2717 538 2770; x_wconf 83' lang='lat' dir='ltr'><strong>Guariaa</strong></span> <span class='ocrx_word' id='word_1_134' title='bbox 550 2717 682 2782; x_wconf 85' lang='lat' dir='ltr'><strong>eredimus,</strong></span> <span class='ocrx_word' id='word_1_135' title='bbox 692 2736 740 2770; x_wconf 89' lang='lat' dir='ltr'><strong>non</strong></span> <span class='ocrx_word' id='word_1_136' title='bbox 753 2735 814 2769; x_wconf 85' lang='lat' dir='ltr'><strong>unus</strong></span> <span class='ocrx_word' id='word_1_137' title='bbox 827 2727 927 2769; x_wconf 88' lang='lat' dir='ltr'><strong>tantum</strong></span> <span class='ocrx_word' id='word_1_138' title='bbox 940 2735 1024 2770; x_wconf 85' lang='lat' dir='ltr'><strong>uersus</strong></span> <span class='ocrx_word' id='word_1_139' title='bbox 1037 2718 1136 2770; x_wconf 83' lang='lat' dir='ltr'><strong>uidetur</strong></span> <span class='ocrx_word' id='word_1_140' title='bbox 1143 2717 1270 2770; x_wconf 84' lang='lat' dir='ltr'><strong>excidisse.</strong></span> <span class='ocrx_word' id='word_1_141' title='bbox 1307 2718 1379 2770; x_wconf 85' lang='lat' dir='ltr'><strong>Certe</strong></span> 
     </span>
     <span class='ocr_line' id='line_1_21' title="bbox 223 2787 1379 2857; baseline -0.001 -16"><span class='ocrx_word' id='word_1_142' title='bbox 223 2792 248 2842; x_wconf 92' lang='lat' dir='ltr'><strong>si</strong></span> <span class='ocrx_word' id='word_1_143' title='bbox 267 2799 334 2840; x_wconf 89' lang='lat' dir='ltr'><strong>recte</strong></span> <span class='ocrx_word' id='word_1_144' title='bbox 350 2794 393 2840; x_wconf 83' lang='lat' dir='ltr'><strong>est</strong></span> <span class='ocrx_word' id='word_1_145' title='bbox 407 2787 500 2857; x_wconf 88' lang='lat' dir='ltr'><strong>legitur</strong></span> <span class='ocrx_word' id='word_1_146' title='bbox 514 2790 541 2840; x_wconf 90' lang='lat' dir='ltr'><strong>in</strong></span> <span class='ocrx_word' id='word_1_147' title='bbox 553 2807 577 2840; x_wconf 90' lang='lat' dir='ltr'><strong>u.</strong></span> <span class='ocrx_word' id='word_1_148' title='bbox 591 2805 619 2838; x_wconf 90' lang='lat'><strong>11</strong></span> <span class='ocrx_word' id='word_1_149' title='bbox 636 2795 692 2840; x_wconf 80' lang='lat' dir='ltr'><strong>tam</strong></span> <span class='ocrx_word' id='word_1_150' title='bbox 706 2794 814 2854; x_wconf 80' lang='lat' dir='ltr'><strong>gratum</strong></span> <span class='ocrx_word' id='word_1_151' title='bbox 829 2793 879 2851; x_wconf 84' lang='lat' dir='ltr'><strong>est,</strong></span> <span class='ocrx_word' id='word_1_152' title='bbox 891 2787 1042 2856; x_wconf 79' lang='lat' dir='ltr'><strong>irfiaitiuusn</strong></span> <span class='ocrx_word' id='word_1_153' title='bbox 1055 2789 1204 2856; x_wconf 83' lang='lat' dir='ltr'><strong>praecedere</strong></span> <span class='ocrx_word' id='word_1_154' title='bbox 1220 2788 1316 2854; x_wconf 84' lang='lat' dir='ltr'><strong>iudico,·</strong></span> <span class='ocrx_word' id='word_1_155' title='bbox 1335 2790 1379 2840; x_wconf 88' lang='lat' dir='ltr'><strong>uix</strong></span> 
     </span>
     <span class='ocr_line' id='line_1_22' title="bbox 224 2857 1379 2926; baseline -0.001 -14"><span class='ocrx_word' id='word_1_156' title='bbox 224 2863 292 2912; x_wconf 64' lang='lat' dir='ltr'><strong>emm</strong></span> <span class='ocrx_word' id='word_1_157' title='bbox 313 2857 404 2911; x_wconf 88' lang='lat' dir='ltr'><strong>similis</strong></span> <span class='ocrx_word' id='word_1_158' title='bbox 428 2859 528 2910; x_wconf 86' lang='lat' dir='ltr'><strong>uidetur</strong></span> <span class='ocrx_word' id='word_1_159' title='bbox 550 2860 699 2910; x_wconf 83' lang='lat' dir='ltr'><strong>constructio</strong></span> <span class='ocrx_word' id='word_1_160' title='bbox 719 2859 788 2926; x_wconf 87' lang='lat' dir='ltr'><strong>apud</strong></span> <span class='ocrx_word' id='word_1_161' title='bbox 805 2857 893 2910; x_wconf 71' lang='lat' dir='ltr'><strong>‘libuli</strong></span> <span class='ocrx_word' id='word_1_162' title='bbox 906 2859 929 2910; x_wconf 86' lang='grc' dir='ltr'><strong>Ι.</strong></span> <span class='ocrx_word' id='word_1_163' title='bbox 942 2862 968 2912; x_wconf 88' lang='grc'><strong>6.</strong></span> <span class='ocrx_word' id='word_1_164' title='bbox 983 2873 1024 2924; x_wconf 82' lang='lat'><strong>37,</strong></span> <span class='ocrx_word' id='word_1_165' title='bbox 1047 2860 1104 2911; x_wconf 82' lang='lat' dir='ltr'><strong>‘At</strong></span> <span class='ocrx_word' id='word_1_166' title='bbox 1127 2858 1193 2911; x_wconf 87' lang='lat' dir='ltr'><strong>mihi</strong></span> <span class='ocrx_word' id='word_1_167' title='bbox 1217 2858 1379 2911; x_wconf 79' lang='lat' dir='ltr'><strong>seruandam</strong></span> 
     </span>
     <span class='ocr_line' id='line_1_23' title="bbox 225 2928 1278 2997; baseline -0.003 -13"><span class='ocrx_word' id='word_1_168' title='bbox 225 2932 233 2962; x_wconf 89' lang='lat'>‘</span> <span class='ocrx_word' id='word_1_169' title='bbox 246 2929 359 2994; x_wconf 80' lang='lat' dir='ltr'><strong>credas3</strong></span> <span class='ocrx_word' id='word_1_170' title='bbox 378 2944 433 2981; x_wconf 92' lang='lat' dir='ltr'><strong>non</strong></span> <span class='ocrx_word' id='word_1_171' title='bbox 446 2945 527 2982; x_wconf 87' lang='lat' dir='ltr'><strong>saeua</strong></span> <span class='ocrx_word' id='word_1_172' title='bbox 539 2945 635 2981; x_wconf 89' lang='lat' dir='ltr'><strong>recuso</strong></span> <span class='ocrx_word' id='word_1_173' title='bbox 648 2928 778 2994; x_wconf 83' lang='lat' dir='ltr'><strong>Verbera,</strong></span> <span class='ocrx_word' id='word_1_174' title='bbox 791 2928 916 2981; x_wconf 89' lang='lat' dir='ltr'><strong>detracto</strong></span> <span class='ocrx_word' id='word_1_175' title='bbox 928 2945 983 2981; x_wconf 90' lang='lat' dir='ltr'><strong>nou</strong></span> <span class='ocrx_word' id='word_1_176' title='bbox 996 2945 1048 2995; x_wconf 84' lang='lat' dir='ltr'><strong>ego</strong></span> <span class='ocrx_word' id='word_1_177' title='bbox 1060 2929 1148 2982; x_wconf 86' lang='lat' dir='ltr'><strong>uincla</strong></span> <span class='ocrx_word' id='word_1_178' title='bbox 1160 2928 1278 2997; x_wconf 67' lang='lat' dir='ltr'><strong>pedum!</strong></span> 
     </span>
    </p>

    <p class='ocr_par' dir='ltr' id='par_1_10' title="bbox 224 2999 1378 3264">
     <span class='ocr_line' id='line_1_24' title="bbox 265 2999 1377 3069; baseline -0.001 -15"><span class='ocrx_word' id='word_1_179' title='bbox 265 3019 307 3054; x_wconf 91' lang='grc' dir='ltr'><strong>ιι.</strong></span> <span class='ocrx_word' id='word_1_180' title='bbox 344 3015 374 3053; x_wconf 89' lang='lat' dir='ltr'><strong>es</strong></span> <span class='ocrx_word' id='word_1_181' title='bbox 385 3000 423 3052; x_wconf 85' lang='lat' dir='ltr'><strong>ed.</strong></span> <span class='ocrx_word' id='word_1_182' title='bbox 436 3002 528 3053; x_wconf 86' lang='lat' dir='ltr'><strong>Parm.</strong></span> <span class='ocrx_word' id='word_1_183' title='bbox 545 3015 609 3064; x_wconf 84' lang='lat'>1473</span> <span class='ocrx_word' id='word_1_184' title='bbox 684 3006 726 3051; x_wconf 86' lang='lat' dir='ltr'><strong>est</strong></span> <span class='ocrx_word' id='word_1_185' title='bbox 743 3017 791 3052; x_wconf 90' lang='lat' dir='ltr'><strong>am.</strong></span> <span class='ocrx_word' id='word_1_186' title='bbox 805 2999 952 3065; x_wconf 85' lang='lat' dir='ltr'><strong>Laudensis‚</strong></span> <span class='ocrx_word' id='word_1_187' title='bbox 966 2999 1027 3052; x_wconf 78' lang='lat' dir='ltr'><strong>Alci.</strong></span> <span class='ocrx_word' id='word_1_188' title='bbox 1041 3001 1062 3052; x_wconf 88' lang='lat'><strong>1.</strong></span> <span class='ocrx_word' id='word_1_189' title='bbox 1076 3000 1188 3069; x_wconf 82' lang='lat' dir='ltr'><strong>Scaliger</strong></span> <span class='ocrx_word' id='word_1_190' title='bbox 1200 2999 1278 3053; x_wconf 90' lang='lat' dir='ltr'><strong>Doer.</strong></span> <span class='ocrx_word' id='word_1_191' title='bbox 1290 3000 1377 3054; x_wconf 87' lang='lat' dir='ltr'><strong>Hand.</strong></span> 
     </span>
     <span class='ocr_line' id='line_1_25' title="bbox 226 3069 1378 3142; baseline -0.001 -17"><span class='ocrx_word' id='word_1_192' title='bbox 226 3069 349 3142; x_wconf 87' lang='lat' dir='ltr'><strong>(Obseru.</strong></span> <span class='ocrx_word' id='word_1_193' title='bbox 356 3082 385 3140; x_wconf 88' lang='lat' dir='ltr'><strong>p.</strong></span> <span class='ocrx_word' id='word_1_194' title='bbox 396 3069 445 3138; x_wconf 62' lang='grc' dir='ltr'><strong>ιι)</strong></span> <span class='ocrx_word' id='word_1_195' title='bbox 464 3070 518 3123; x_wconf 90' lang='lat' dir='ltr'><strong>Sill.</strong></span> <span class='ocrx_word' id='word_1_196' title='bbox 531 3069 602 3124; x_wconf 88' lang='lat' dir='ltr'><strong>Pohl.</strong></span> <span class='ocrx_word' id='word_1_197' title='bbox 615 3071 682 3138; x_wconf 85' lang='lat' dir='ltr'><strong>Spec.</strong></span> <span class='ocrx_word' id='word_1_198' title='bbox 712 3087 763 3135; x_wconf 83' lang='grc' dir='ltr'><strong>,ι5</strong></span> <span class='ocrx_word' id='word_1_199' title='bbox 812 3070 910 3122; x_wconf 82' lang='lat' dir='ltr'><strong>Eadem</strong></span> <span class='ocrx_word' id='word_1_200' title='bbox 922 3080 958 3122; x_wconf 91' lang='lat' dir='ltr'><strong>est</strong></span> <span class='ocrx_word' id='word_1_201' title='bbox 971 3072 1049 3140; x_wconf 90' lang='lat' dir='ltr'><strong>opinio</strong></span> <span class='ocrx_word' id='word_1_202' title='bbox 1062 3071 1221 3139; x_wconf 87' lang='lat' dir='ltr'><strong>Coningtanis</strong></span> <span class='ocrx_word' id='word_1_203' title='bbox 1293 3071 1378 3140; x_wconf 90' lang='lat' dir='ltr'><strong>idpro</strong></span> 
     </span>
     <span class='ocr_line' id='line_1_26' title="bbox 224 3139 1105 3264; baseline -0.001 -68"><span class='ocrx_word' id='word_1_204' title='bbox 224 3151 268 3196; x_wconf 85' lang='lat' dir='ltr'><strong>est</strong></span> <span class='ocrx_word' id='word_1_205' title='bbox 281 3144 398 3264; x_wconf 59' lang='lat' dir='ltr'><strong>liturgias</strong></span> <span class='ocrx_word' id='word_1_206' title='bbox 411 3142 513 3249; x_wconf 62' lang='lat' dir='ltr'><strong>Heysirp</strong></span> <span class='ocrx_word' id='word_1_207' title='bbox 526 3140 636 3194; x_wconf 83' lang='lat' dir='ltr'><strong>fuerunt</strong></span> <span class='ocrx_word' id='word_1_208' title='bbox 650 3141 678 3192; x_wconf 89' lang='lat' dir='ltr'><em>A</em></span> <span class='ocrx_word' id='word_1_209' title='bbox 773 3141 861 3208; x_wconf 87' lang='lat' dir='ltr'><strong>puelle</strong></span> <span class='ocrx_word' id='word_1_210' title='bbox 873 3140 966 3194; x_wconf 88' lang='lat' dir='ltr'><strong>ferunt</strong></span> <span class='ocrx_word' id='word_1_211' title='bbox 978 3139 1105 3196; x_wconf 67' lang='lat' dir='ltr'><strong>Rhatta.</strong></span> 
     </span>
    </p>

    <p class='ocr_par' dir='ltr' id='par_1_11' title="bbox 265 3211 1392 3266">
     <span class='ocr_line' id='line_1_27' title="bbox 265 3211 1392 3266; baseline -0.004 0"><span class='ocrx_word' id='word_1_212' title='bbox 265 3231 306 3266; x_wconf 84' lang='grc' dir='ltr'><strong>ιι.</strong></span> <span class='ocrx_word' id='word_1_213' title='bbox 368 3211 493 3264; x_wconf 80' lang='lat' dir='ltr'><strong>ermicils</strong></span> <span class='ocrx_word' id='word_1_214' title='bbox 1385 3221 1392 3230; x_wconf 88' lang='lat'>&#39;</span> 
     </span>
    </p>

    <p class='ocr_par' dir='ltr' id='par_1_12' title="bbox 223 3279 1379 3636">
     <span class='ocr_line' id='line_1_28' title="bbox 265 3279 1377 3351; baseline -0.004 -15"><span class='ocrx_word' id='word_1_215' title='bbox 265 3301 306 3350; x_wconf 86' lang='lat'><strong>¹3·</strong></span> <span class='ocrx_word' id='word_1_216' title='bbox 346 3283 454 3335; x_wconf 81' lang='lat' dir='ltr'><strong>Ronum</strong></span> <span class='ocrx_word' id='word_1_217' title='bbox 466 3281 498 3334; x_wconf 71' lang='lat' dir='ltr'><strong>h²</strong></span> <span class='ocrx_word' id='word_1_218' title='bbox 569 3282 677 3349; x_wconf 83' lang='lat' dir='ltr'><strong>ligatam</strong></span> <span class='ocrx_word' id='word_1_219' title='bbox 692 3279 970 3348; x_wconf 72' lang='lat' dir='ltr'><strong>Aacurttlauatc,</strong></span> <span class='ocrx_word' id='word_1_220' title='bbox 988 3283 1135 3336; x_wconf 80' lang='lat' dir='ltr'><strong>Priscianus</strong></span> <span class='ocrx_word' id='word_1_221' title='bbox 1149 3285 1199 3347; x_wconf 82' lang='lat'><strong>54⁶</strong></span> <span class='ocrx_word' id='word_1_222' title='bbox 1217 3284 1256 3348; x_wconf 87' lang='lat' dir='ltr'><strong>P.‚</strong></span> <span class='ocrx_word' id='word_1_223' title='bbox 1272 3283 1294 3334; x_wconf 88' lang='lat' dir='ltr'><strong>t.</strong></span> <span class='ocrx_word' id='word_1_224' title='bbox 1303 3294 1332 3351; x_wconf 92' lang='lat' dir='ltr'><strong>p.</strong></span> <span class='ocrx_word' id='word_1_225' title='bbox 1347 3285 1377 3333; x_wconf 88' lang='lat'><strong>16</strong></span> 
     </span>
     <span class='ocr_line' id='line_1_29' title="bbox 223 3353 1379 3424; baseline -0.001 -17"><span class='ocrx_word' id='word_1_226' title='bbox 223 3356 263 3407; x_wconf 85' lang='lat' dir='ltr'><strong>ed.</strong></span> <span class='ocrx_word' id='word_1_227' title='bbox 276 3353 349 3420; x_wconf 75' lang='lat' dir='ltr'><strong>Keil,</strong></span> <span class='ocrx_word' id='word_1_228' title='bbox 363 3355 473 3406; x_wconf 78' lang='lat' dir='ltr'><strong>Carmen</strong></span> <span class='ocrx_word' id='word_1_229' title='bbox 482 3355 616 3422; x_wconf 83' lang='lat' dir='ltr'><strong>Priapium</strong></span> <span class='ocrx_word' id='word_1_230' title='bbox 627 3355 654 3406; x_wconf 88' lang='lat' dir='ltr'><strong>in</strong></span> <span class='ocrx_word' id='word_1_231' title='bbox 666 3353 818 3424; x_wconf 85' lang='lat' dir='ltr'><strong>Anthologia</strong></span> <span class='ocrx_word' id='word_1_232' title='bbox 827 3355 923 3422; x_wconf 79' lang='lat' dir='ltr'><strong>Meyeri</strong></span> <span class='ocrx_word' id='word_1_233' title='bbox 938 3370 1014 3418; x_wconf 85' lang='lat'><strong>1704.</strong></span> <span class='ocrx_word' id='word_1_234' title='bbox 1028 3371 1070 3420; x_wconf 82' lang='lat'><strong>49,</strong></span> <span class='ocrx_word' id='word_1_235' title='bbox 1084 3357 1091 3382; x_wconf 81' lang='lat'><strong><em>⁴</em></strong></span> <span class='ocrx_word' id='word_1_236' title='bbox 1101 3353 1235 3406; x_wconf 85' lang='lat' dir='ltr'><strong>Zonulam</strong></span> <span class='ocrx_word' id='word_1_237' title='bbox 1248 3359 1278 3411; x_wconf 88' lang='lat' dir='ltr'><strong>ut</strong></span> <span class='ocrx_word' id='word_1_238' title='bbox 1291 3353 1379 3406; x_wconf 81' lang='lat' dir='ltr'><strong>soluas</strong></span> 
     </span>
     <span class='ocr_line' id='line_1_30' title="bbox 225 3423 1378 3498; baseline -0.009 -13"><span class='ocrx_word' id='word_1_239' title='bbox 225 3425 294 3478; x_wconf 76' lang='lat' dir='ltr'><strong>‘diu</strong></span> <span class='ocrx_word' id='word_1_240' title='bbox 318 3425 446 3490; x_wconf 58' lang='lat' dir='ltr'><strong>ligatam?</strong></span> <span class='ocrx_word' id='word_1_241' title='bbox 553 3437 678 3498; x_wconf 79' lang='lat' dir='ltr'><strong>negatam</strong></span> <span class='ocrx_word' id='word_1_242' title='bbox 697 3429 730 3484; x_wconf 82' lang='lat' dir='ltr'><strong>al.</strong></span> <span class='ocrx_word' id='word_1_243' title='bbox 749 3429 765 3482; x_wconf 91' lang='lat' dir='ltr'><strong>li</strong></span> <span class='ocrx_word' id='word_1_244' title='bbox 801 3435 857 3480; x_wconf 85' lang='lat' dir='ltr'><strong>tarn</strong></span> <span class='ocrx_word' id='word_1_245' title='bbox 878 3424 901 3477; x_wconf 88' lang='lat' dir='ltr'><em>G</em></span> <span class='ocrx_word' id='word_1_246' title='bbox 1000 3433 1125 3490; x_wconf 81' lang='lat' dir='ltr'><strong>negatam</strong></span> <span class='ocrx_word' id='word_1_247' title='bbox 1138 3423 1239 3478; x_wconf 83' lang='lat' dir='ltr'><strong>La²OV</strong></span> <span class='ocrx_word' id='word_1_248' title='bbox 1251 3425 1378 3476; x_wconf 85' lang='lat' dir='ltr'><strong>Auantius</strong></span> 
     </span>
     <span class='ocr_line' id='line_1_31' title="bbox 225 3445 1379 3563; baseline -0.001 -15"><span class='ocrx_word' id='word_1_249' title='bbox 225 3497 469 3563; x_wconf 62' lang='lat' dir='ltr'><strong>ieiumi-Luguna</strong></span> <span class='ocrx_word' id='word_1_250' title='bbox 530 3499 676 3562; x_wconf 75' lang='lat' dir='ltr'><strong>negantum</strong></span> <span class='ocrx_word' id='word_1_251' title='bbox 688 3492 719 3546; x_wconf 84' lang='lat' dir='ltr'><strong>b&#39;-&#39;</strong></span> <span class='ocrx_word' id='word_1_252' title='bbox 754 3445 800 3562; x_wconf 58' lang='lat' dir='ltr'><strong>tifm</strong></span> <span class='ocrx_word' id='word_1_253' title='bbox 808 3493 941 3548; x_wconf 78' lang='lat' dir='ltr'><strong>claudian.</strong></span> <span class='ocrx_word' id='word_1_254' title='bbox 954 3495 1068 3548; x_wconf 82' lang='lat' dir='ltr'><strong>Pescenn.</strong></span> <span class='ocrx_word' id='word_1_255' title='bbox 1083 3511 1124 3563; x_wconf 85' lang='lat'><strong>37,</strong></span> <span class='ocrx_word' id='word_1_256' title='bbox 1138 3501 1162 3562; x_wconf 87' lang='lat'><strong>8,</strong></span> <span class='ocrx_word' id='word_1_257' title='bbox 1176 3497 1183 3525; x_wconf 90' lang='lat'>‘</span> <span class='ocrx_word' id='word_1_258' title='bbox 1196 3502 1224 3548; x_wconf 89' lang='lat' dir='ltr'><strong>et</strong></span> <span class='ocrx_word' id='word_1_259' title='bbox 1236 3495 1379 3548; x_wconf 88' lang='lat' dir='ltr'><strong>seminudo</strong></span> 
     </span>
     <span class='ocr_line' id='line_1_32' title="bbox 225 3565 1018 3636; baseline -0.003 -17"><span class='ocrx_word' id='word_1_260' title='bbox 225 3569 232 3596; x_wconf 75' lang='lat'><strong><em>⁶</em></strong></span> <span class='ocrx_word' id='word_1_261' title='bbox 245 3573 361 3636; x_wconf 89' lang='lat' dir='ltr'><strong>pectore</strong></span> <span class='ocrx_word' id='word_1_262' title='bbox 373 3565 510 3632; x_wconf 81' lang='lat' dir='ltr'><strong>cingulum</strong></span> <span class='ocrx_word' id='word_1_263' title='bbox 526 3565 601 3618; x_wconf 87' lang='lat' dir='ltr'><strong>Furti</strong></span> <span class='ocrx_word' id='word_1_264' title='bbox 614 3571 742 3632; x_wconf 85' lang='lat' dir='ltr'><strong>negatum</strong></span> <span class='ocrx_word' id='word_1_265' title='bbox 755 3565 874 3618; x_wconf 87' lang='lat' dir='ltr'><strong>solueret</strong></span> <span class='ocrx_word' id='word_1_266' title='bbox 887 3565 1018 3620; x_wconf 75' lang='lat' dir='ltr'><strong>Herculi.¹</strong></span> 
     </span>
    </p>

    <p class='ocr_par' dir='ltr' id='par_1_13' title="bbox 218 3635 1380 4204">
     <span class='ocr_line' id='line_1_33' title="bbox 262 3635 1380 3706; baseline -0.002 -16"><span class='ocrx_word' id='word_1_267' title='bbox 262 3657 304 3690; x_wconf 89' lang='lat' dir='ltr'><strong>uu.</strong></span> <span class='ocrx_word' id='word_1_268' title='bbox 318 3653 402 3700; x_wconf 87' lang='lat'>11·¹3</span> <span class='ocrx_word' id='word_1_269' title='bbox 423 3635 532 3706; x_wconf 83' lang='lat' dir='ltr'><strong>Spengel.</strong></span> <span class='ocrx_word' id='word_1_270' title='bbox 546 3647 625 3688; x_wconf 89' lang='lat' dir='ltr'><strong>censet</strong></span> <span class='ocrx_word' id='word_1_271' title='bbox 638 3656 656 3688; x_wconf 94' lang='lat' dir='ltr'><strong>a</strong></span> <span class='ocrx_word' id='word_1_272' title='bbox 667 3635 795 3704; x_wconf 81' lang='lat' dir='ltr'><strong>prioribus</strong></span> <span class='ocrx_word' id='word_1_273' title='bbox 807 3636 979 3704; x_wconf 82' lang='lat' dir='ltr'><strong>disiungendos</strong></span> <span class='ocrx_word' id='word_1_274' title='bbox 992 3655 1044 3688; x_wconf 87' lang='lat' dir='ltr'><strong>csse</strong></span> <span class='ocrx_word' id='word_1_275' title='bbox 1055 3655 1207 3705; x_wconf 86' lang='lat' dir='ltr'><strong>quamquam</strong></span> <span class='ocrx_word' id='word_1_276' title='bbox 1221 3655 1253 3687; x_wconf 80' lang='lat' dir='ltr'><strong>ex</strong></span> <span class='ocrx_word' id='word_1_277' title='bbox 1267 3637 1380 3688; x_wconf 85' lang='lat' dir='ltr'><strong>carmine</strong></span> 
     </span>
     <span class='ocr_line' id='line_1_34' title="bbox 225 3706 1377 3778; baseline -0.002 -18"><span class='ocrx_word' id='word_1_278' title='bbox 225 3709 291 3778; x_wconf 79' lang='lat' dir='ltr'><strong>quod</strong></span> <span class='ocrx_word' id='word_1_279' title='bbox 308 3719 333 3760; x_wconf 89' lang='lat' dir='ltr'><strong>et</strong></span> <span class='ocrx_word' id='word_1_280' title='bbox 353 3709 436 3778; x_wconf 74' lang='lat' dir='ltr'><strong>ipsum</strong></span> <span class='ocrx_word' id='word_1_281' title='bbox 456 3708 487 3758; x_wconf 83' lang='lat' dir='ltr'><strong>de</strong></span> <span class='ocrx_word' id='word_1_282' title='bbox 501 3719 606 3776; x_wconf 88' lang='lat' dir='ltr'><strong>passere</strong></span> <span class='ocrx_word' id='word_1_283' title='bbox 625 3709 747 3776; x_wconf 87' lang='lat' dir='ltr'><strong>scriptum</strong></span> <span class='ocrx_word' id='word_1_284' title='bbox 757 3707 853 3774; x_wconf 85' lang='lat' dir='ltr'><strong>fuerit.</strong></span> <span class='ocrx_word' id='word_1_285' title='bbox 925 3707 1091 3760; x_wconf 81' lang='lat' dir='ltr'><strong>Froehlichius</strong></span> <span class='ocrx_word' id='word_1_286' title='bbox 1111 3726 1167 3759; x_wconf 88' lang='lat' dir='ltr'><strong>cum</strong></span> <span class='ocrx_word' id='word_1_287' title='bbox 1186 3706 1377 3760; x_wconf 76' lang='lat' dir='ltr'><em>XXXVIILB</em></span> 
     </span>
     <span class='ocr_line' id='line_1_35' title="bbox 226 3777 1378 3848; baseline 0 -18"><span class='ocrx_word' id='word_1_288' title='bbox 226 3781 369 3846; x_wconf 84' lang='lat' dir='ltr'><strong>coniungit,·</strong></span> <span class='ocrx_word' id='word_1_289' title='bbox 400 3777 539 3830; x_wconf 85' lang='lat' dir='ltr'><strong>Pleitnerus</strong></span> <span class='ocrx_word' id='word_1_290' title='bbox 558 3778 673 3830; x_wconf 85' lang='lat' dir='ltr'><strong>Klotzius</strong></span> <span class='ocrx_word' id='word_1_291' title='bbox 692 3778 842 3830; x_wconf 78' lang='lat' dir='ltr'><strong>Scheuabiur</strong></span> <span class='ocrx_word' id='word_1_292' title='bbox 861 3789 958 3848; x_wconf 57' lang='lat' dir='ltr'><strong>mount</strong></span> <span class='ocrx_word' id='word_1_293' title='bbox 975 3789 1034 3830; x_wconf 88' lang='lat' dir='ltr'><strong>ante</strong></span> <span class='ocrx_word' id='word_1_294' title='bbox 1052 3778 1074 3830; x_wconf 89' lang='lat' dir='ltr'><strong>si</strong></span> <span class='ocrx_word' id='word_1_295' title='bbox 1093 3779 1139 3846; x_wconf 93' lang='lat' dir='ltr'><strong>qui</strong></span> <span class='ocrx_word' id='word_1_296' title='bbox 1161 3777 1233 3830; x_wconf 82' lang='lat' dir='ltr'><strong>forte</strong></span> <span class='ocrx_word' id='word_1_297' title='bbox 1255 3793 1378 3830; x_wconf 82' lang='lat' dir='ltr'><strong>mearum</strong></span> 
     </span>
     <span class='ocr_line' id='line_1_36' title="bbox 227 3847 1379 3918; baseline -0.002 -16"><span class='ocrx_word' id='word_1_298' title='bbox 227 3847 576 3917; x_wconf 82' lang='lat' dir='ltr'><strong>ineptiamm-irrumabo.</strong></span> <span class='ocrx_word' id='word_1_299' title='bbox 595 3847 683 3916; x_wconf 84' lang='lat' dir='ltr'><em>(XIV.</em></span> <span class='ocrx_word' id='word_1_300' title='bbox 696 3848 736 3917; x_wconf 83' lang='lat' dir='ltr'><strong>b.)</strong></span> <span class='ocrx_word' id='word_1_301' title='bbox 773 3849 939 3902; x_wconf 85' lang='lat' dir='ltr'><strong>Rossbachius</strong></span> <span class='ocrx_word' id='word_1_302' title='bbox 955 3867 994 3900; x_wconf 85' lang='lat' dir='ltr'><strong>eos</strong></span> <span class='ocrx_word' id='word_1_303' title='bbox 1003 3861 1054 3918; x_wconf 85' lang='lat' dir='ltr'><strong>pro</strong></span> <span class='ocrx_word' id='word_1_304' title='bbox 1063 3850 1217 3918; x_wconf 85' lang='lat' dir='ltr'><strong>fragmenta</strong></span> <span class='ocrx_word' id='word_1_305' title='bbox 1230 3849 1305 3901; x_wconf 85' lang='lat' dir='ltr'><strong>habet</strong></span> <span class='ocrx_word' id='word_1_306' title='bbox 1319 3868 1379 3900; x_wconf 88' lang='lat' dir='ltr'><strong>car·</strong></span> 
     </span>
     <span class='ocr_line' id='line_1_37' title="bbox 227 3918 1378 3990; baseline 0 -18"><span class='ocrx_word' id='word_1_307' title='bbox 227 3923 301 3973; x_wconf 86' lang='lat' dir='ltr'><strong>minis</strong></span> <span class='ocrx_word' id='word_1_308' title='bbox 319 3919 390 3972; x_wconf 85' lang='lat' dir='ltr'><strong>euius</strong></span> <span class='ocrx_word' id='word_1_309' title='bbox 413 3920 514 3972; x_wconf 87' lang='lat' dir='ltr'><strong>initium</strong></span> <span class='ocrx_word' id='word_1_310' title='bbox 526 3921 641 3988; x_wconf 83' lang='lat' dir='ltr'><strong>pers&#39;erit.</strong></span> <span class='ocrx_word' id='word_1_311' title='bbox 660 3918 713 3988; x_wconf 87' lang='grc' dir='ltr'><strong>(ΙΙ.</strong></span> <span class='ocrx_word' id='word_1_312' title='bbox 727 3919 767 3989; x_wconf 84' lang='lat' dir='ltr'><strong>b.)</strong></span> <span class='ocrx_word' id='word_1_313' title='bbox 814 3920 863 3972; x_wconf 81' lang='lat' dir='ltr'><strong>Sed</strong></span> <span class='ocrx_word' id='word_1_314' title='bbox 880 3923 902 3972; x_wconf 90' lang='lat' dir='ltr'><strong>is</strong></span> <span class='ocrx_word' id='word_1_315' title='bbox 923 3931 961 3973; x_wconf 89' lang='lat' dir='ltr'><strong>est</strong></span> <span class='ocrx_word' id='word_1_316' title='bbox 981 3939 1057 3973; x_wconf 83' lang='lat' dir='ltr'><strong>nexus</strong></span> <span class='ocrx_word' id='word_1_317' title='bbox 1080 3939 1194 3972; x_wconf 85' lang='lat' dir='ltr'><strong>uersuum</strong></span> <span class='ocrx_word' id='word_1_318' title='bbox 1216 3929 1244 3972; x_wconf 87' lang='lat' dir='ltr'><strong>ut</strong></span> <span class='ocrx_word' id='word_1_319' title='bbox 1267 3921 1378 3990; x_wconf 81' lang='lat' dir='ltr'><strong>disiungi</strong></span> 
     </span>
     <span class='ocr_line' id='line_1_38' title="bbox 227 3990 1378 4062; baseline 0 -18"><span class='ocrx_word' id='word_1_320' title='bbox 227 4001 356 4060; x_wconf 83' lang='lat' dir='ltr'><strong>nequeant.</strong></span> <span class='ocrx_word' id='word_1_321' title='bbox 411 3991 498 4043; x_wconf 85' lang='lat' dir='ltr'><strong>Sensus</strong></span> <span class='ocrx_word' id='word_1_322' title='bbox 524 3991 622 4043; x_wconf 84' lang='lat' dir='ltr'><strong>uidetur</strong></span> <span class='ocrx_word' id='word_1_323' title='bbox 644 4009 703 4055; x_wconf 87' lang='lat' dir='ltr'><strong>esse,</strong></span> <span class='ocrx_word' id='word_1_324' title='bbox 728 3990 804 4044; x_wconf 85' lang='lat' dir='ltr'><strong>Nihil</strong></span> <span class='ocrx_word' id='word_1_325' title='bbox 824 3991 887 4044; x_wconf 85' lang='lat' dir='ltr'><strong>mihi</strong></span> <span class='ocrx_word' id='word_1_326' title='bbox 906 4001 988 4062; x_wconf 87' lang='lat' dir='ltr'><strong>potest</strong></span> <span class='ocrx_word' id='word_1_327' title='bbox 1008 4010 1059 4043; x_wconf 86' lang='lat' dir='ltr'><strong>esse</strong></span> <span class='ocrx_word' id='word_1_328' title='bbox 1079 3991 1206 4044; x_wconf 85' lang='lat' dir='ltr'><strong>iucundius</strong></span> <span class='ocrx_word' id='word_1_329' title='bbox 1226 4009 1301 4059; x_wconf 87' lang='lat' dir='ltr'><strong>quam</strong></span> <span class='ocrx_word' id='word_1_330' title='bbox 1323 4010 1378 4044; x_wconf 83' lang='lat' dir='ltr'><strong>cuns</strong></span> 
     </span>
     <span class='ocr_line' id='line_1_39' title="bbox 224 4061 1379 4132; baseline 0.003 -19"><span class='ocrx_word' id='word_1_331' title='bbox 224 4075 327 4131; x_wconf 84' lang='lat' dir='ltr'><strong>passere</strong></span> <span class='ocrx_word' id='word_1_332' title='bbox 338 4061 423 4114; x_wconf 84' lang='lat' dir='ltr'><strong>ludere</strong></span> <span class='ocrx_word' id='word_1_333' title='bbox 435 4061 555 4128; x_wconf 73' lang='lat' dir='ltr'><strong>Iaesbiae;</strong></span> <span class='ocrx_word' id='word_1_334' title='bbox 573 4080 646 4130; x_wconf 82' lang='lat' dir='ltr'><strong>neque</strong></span> <span class='ocrx_word' id='word_1_335' title='bbox 661 4063 727 4116; x_wconf 86' lang='lat' dir='ltr'><strong>enirn</strong></span> <span class='ocrx_word' id='word_1_336' title='bbox 735 4063 858 4132; x_wconf 86' lang='lat' dir='ltr'><strong>gratiora</strong></span> <span class='ocrx_word' id='word_1_337' title='bbox 871 4061 1014 4115; x_wconf 88' lang='lat' dir='ltr'><strong>Atalantae</strong></span> <span class='ocrx_word' id='word_1_338' title='bbox 1019 4074 1099 4131; x_wconf 84' lang='lat' dir='ltr'><strong>poma</strong></span> <span class='ocrx_word' id='word_1_339' title='bbox 1110 4073 1193 4128; x_wconf 90' lang='lat' dir='ltr'><strong>erant,</strong></span> <span class='ocrx_word' id='word_1_340' title='bbox 1200 4072 1305 4131; x_wconf 86' lang='lat' dir='ltr'><strong>propter</strong></span> <span class='ocrx_word' id='word_1_341' title='bbox 1316 4081 1379 4130; x_wconf 85' lang='lat' dir='ltr'><strong>quae</strong></span> 
     </span>
     <span class='ocr_line' id='line_1_40' title="bbox 218 4131 1316 4204; baseline 0.002 -19"><span class='ocrx_word' id='word_1_342' title='bbox 218 4134 286 4200; x_wconf 81' lang='lat' dir='ltr'><strong>serit</strong></span> <span class='ocrx_word' id='word_1_343' title='bbox 298 4133 327 4186; x_wconf 88' lang='lat' dir='ltr'><strong>id</strong></span> <span class='ocrx_word' id='word_1_344' title='bbox 337 4133 403 4200; x_wconf 86' lang='lat' dir='ltr'><strong>quod</strong></span> <span class='ocrx_word' id='word_1_345' title='bbox 413 4131 511 4184; x_wconf 83' lang='lat' dir='ltr'><strong>nolebat</strong></span> <span class='ocrx_word' id='word_1_346' title='bbox 514 4133 615 4199; x_wconf 81' lang='lat' dir='ltr'><strong>fiscere,</strong></span> <span class='ocrx_word' id='word_1_347' title='bbox 628 4134 701 4202; x_wconf 87' lang='lat' dir='ltr'><strong>uirgo</strong></span> <span class='ocrx_word' id='word_1_348' title='bbox 712 4152 763 4186; x_wconf 88' lang='lat' dir='ltr'><strong>esse</strong></span> <span class='ocrx_word' id='word_1_349' title='bbox 774 4133 855 4186; x_wconf 82' lang='lat' dir='ltr'><strong>desiit.</strong></span> <span class='ocrx_word' id='word_1_350' title='bbox 892 4134 933 4200; x_wconf 61' lang='grc' dir='ltr'><strong>(ΣΙ.</strong></span> <span class='ocrx_word' id='word_1_351' title='bbox 947 4131 1019 4186; x_wconf 86' lang='lat' dir='ltr'><strong>Pohl.</strong></span> <span class='ocrx_word' id='word_1_352' title='bbox 1032 4133 1134 4204; x_wconf 85' lang='lat' dir='ltr'><strong>Specim.</strong></span> <span class='ocrx_word' id='word_1_353' title='bbox 1142 4145 1186 4203; x_wconf 86' lang='lat' dir='ltr'><strong>pp.</strong></span> <span class='ocrx_word' id='word_1_354' title='bbox 1202 4150 1316 4198; x_wconf 81' lang='lat'><strong>21—25.</strong></span> 
     </span>
    </p>
   </div>
   <div class='ocr_carea' id='block_1_9' title="bbox 262 4226 1043 4434">
    <p class='ocr_par' dir='ltr' id='par_1_14' title="bbox 262 4226 1043 4434">
     <span class='ocr_line' id='line_1_41' title="bbox 262 4226 1043 4352; baseline -0.001 0"><span class='ocrx_word' id='word_1_355' title='bbox 262 4301 333 4352; x_wconf 86' lang='lat' dir='ltr'><strong>Inter</strong></span> <span class='ocrx_word' id='word_1_356' title='bbox 344 4299 390 4349; x_wconf 81' lang='lat' dir='ltr'><strong>hoc</strong></span> <span class='ocrx_word' id='word_1_357' title='bbox 401 4317 424 4351; x_wconf 91' lang='lat' dir='ltr'><strong>c.</strong></span> <span class='ocrx_word' id='word_1_358' title='bbox 435 4309 459 4350; x_wconf 87' lang='lat' dir='ltr'><strong>et</strong></span> <span class='ocrx_word' id='word_1_359' title='bbox 471 4317 493 4351; x_wconf 90' lang='lat' dir='ltr'><strong>c.</strong></span> <span class='ocrx_word' id='word_1_360' title='bbox 504 4300 539 4352; x_wconf 87' lang='lat' dir='ltr'><strong>Il.</strong></span> <span class='ocrx_word' id='word_1_361' title='bbox 558 4298 653 4351; x_wconf 86' lang='lat' dir='ltr'><strong>nullum</strong></span> <span class='ocrx_word' id='word_1_362' title='bbox 665 4226 931 4352; x_wconf 70' lang='lat' dir='ltr'><strong>interualltlrilhahent</strong></span> <span class='ocrx_word' id='word_1_363' title='bbox 943 4299 1043 4351; x_wconf 83' lang='lat' dir='ltr'><strong>codices.</strong></span> 
     </span>
     <span class='ocr_line' id='line_1_42' title="bbox 266 4370 542 4434; baseline -0.007 -11"><span class='ocrx_word' id='word_1_364' title='bbox 266 4387 288 4434; x_wconf 83' lang='lat'><strong>3.</strong></span> <span class='ocrx_word' id='word_1_365' title='bbox 325 4375 367 4422; x_wconf 83' lang='lat' dir='ltr'><strong>est</strong></span> <span class='ocrx_word' id='word_1_366' title='bbox 380 4370 542 4422; x_wconf 73' lang='lat' dir='ltr'><strong>mortuusis.</strong></span> 
     </span>
    </p>
   </div>
   <div class='ocr_carea' id='block_1_10' title="bbox 228 4437 1379 4580">
    <p class='ocr_par' dir='ltr' id='par_1_15' title="bbox 228 4437 1379 4580">
     <span class='ocr_line' id='line_1_43' title="bbox 263 4437 1378 4506; baseline 0 -15"><span class='ocrx_word' id='word_1_367' title='bbox 263 4461 288 4504; x_wconf 83' lang='lat'><strong>4.</strong></span> <span class='ocrx_word' id='word_1_368' title='bbox 325 4459 365 4492; x_wconf 87' lang='lat' dir='ltr'><strong>orn</strong></span> <span class='ocrx_word' id='word_1_369' title='bbox 386 4437 614 4506; x_wconf 75' lang='lat' dir='ltr'><strong>ABGLLatha,</strong></span> <span class='ocrx_word' id='word_1_370' title='bbox 637 4441 752 4492; x_wconf 79' lang='lat' dir='ltr'><strong>editiones</strong></span> <span class='ocrx_word' id='word_1_371' title='bbox 776 4451 836 4492; x_wconf 88' lang='lat' dir='ltr'><strong>ante</strong></span> <span class='ocrx_word' id='word_1_372' title='bbox 856 4440 917 4493; x_wconf 83' lang='lat' dir='ltr'><strong>Ald.</strong></span> <span class='ocrx_word' id='word_1_373' title='bbox 935 4442 965 4505; x_wconf 88' lang='lat'><strong>1.,</strong></span> <span class='ocrx_word' id='word_1_374' title='bbox 985 4440 1045 4492; x_wconf 89' lang='lat' dir='ltr'><strong>Ald.</strong></span> <span class='ocrx_word' id='word_1_375' title='bbox 1060 4441 1096 4493; x_wconf 90' lang='lat' dir='ltr'><strong>ll.</strong></span> <span class='ocrx_word' id='word_1_376' title='bbox 1116 4440 1243 4492; x_wconf 79' lang='lat' dir='ltr'><strong>Guarinus</strong></span> <span class='ocrx_word' id='word_1_377' title='bbox 1263 4440 1378 4492; x_wconf 88' lang='lat' dir='ltr'><strong>Muretus</strong></span> 
     </span>
     <span class='ocr_line' id='line_1_44' title="bbox 228 4509 1379 4580; baseline -0.002 -16"><span class='ocrx_word' id='word_1_378' title='bbox 228 4512 324 4564; x_wconf 85' lang='lat' dir='ltr'><strong>Statius</strong></span> <span class='ocrx_word' id='word_1_379' title='bbox 351 4512 439 4564; x_wconf 87' lang='lat' dir='ltr'><strong>Dousa</strong></span> <span class='ocrx_word' id='word_1_380' title='bbox 455 4512 484 4577; x_wconf 93' lang='lat' dir='ltr'><strong>f.</strong></span> <span class='ocrx_word' id='word_1_381' title='bbox 547 4509 668 4565; x_wconf 80' lang='lat' dir='ltr'><strong>Nonnulli</strong></span> <span class='ocrx_word' id='word_1_382' title='bbox 685 4531 740 4564; x_wconf 90' lang='lat' dir='ltr'><strong>eum</strong></span> <span class='ocrx_word' id='word_1_383' title='bbox 758 4531 776 4564; x_wconf 92' lang='lat' dir='ltr'><strong>a</strong></span> <span class='ocrx_word' id='word_1_384' title='bbox 795 4513 857 4564; x_wconf 86' lang='grc' dir='ltr'><strong>ΙΙ.ι</strong></span> <span class='ocrx_word' id='word_1_385' title='bbox 879 4513 1001 4564; x_wconf 88' lang='lat' dir='ltr'><strong>inuectum</strong></span> <span class='ocrx_word' id='word_1_386' title='bbox 1021 4521 1123 4580; x_wconf 87' lang='lat' dir='ltr'><strong>putant,</strong></span> <span class='ocrx_word' id='word_1_387' title='bbox 1142 4509 1216 4563; x_wconf 89' lang='lat' dir='ltr'><strong>oculis</strong></span> <span class='ocrx_word' id='word_1_388' title='bbox 1239 4510 1273 4562; x_wconf 85' lang='lat' dir='ltr'><strong>ab</strong></span> <span class='ocrx_word' id='word_1_389' title='bbox 1294 4510 1379 4563; x_wconf 88' lang='lat' dir='ltr'><strong>altera</strong></span> 
     </span>
    </p>
   </div>
   <div class='ocr_carea' id='block_1_11' title="bbox 0 0 1569 5054">
    <p class='ocr_par' dir='ltr' id='par_1_16' title="bbox 0 0 1569 5054">
     <span class='ocr_line' id='line_1_45' title="bbox 0 0 1569 5054; baseline 0 0"><span class='ocrx_word' id='word_1_390' title='bbox 0 0 1569 5054; x_wconf 95' lang='lat' dir='ltr'><strong> </strong></span> 
     </span>
    </p>
   </div>
  </div>
 </body>
</html>
