3118 5054
562 387 918 449 PROLEGOMENeu
1288 377 1308 439 fi

167 585 227 627 auo
241 567 370 628 Famesii
385 568 490 642 (Paulo
505 568 563 641 111)
577 588 654 644 quem
674 569 759 644 quari
774 565 975 625 Arutarehrem
994 573 1019 625 et
1030 565 1176 642 Plryletom
1193 573 1308 624 armato-

164 669 272 726 tioneem
285 687 404 728 suarum
419 667 563 728 Censorem
576 668 714 743 delegisset
732 666 840 743 quippe
860 683 920 742 quo
940 683 1029 724 nemo
1050 668 1081 722 in
1098 665 1151 723 leae
1164 684 1195 723 re
1207 665 1310 741 Aptior

168 766 257 824 index
271 776 348 824 esset
361 767 522 842 iampridem
535 766 654 841 eleganti
664 763 791 841 Epistola
810 775 944 840 rogatum
958 775 990 822 ut
1003 762 1121 821 Latrim
1133 771 1227 840 poetas
1245 764 1309 822 deli·

163 866 276 940 gennas
289 866 438 940 reeogm'tos
449 864 610 940 publicaret,
624 863 674 922 sed
688 862 754 920 dum
771 863 909 920 editionem
927 861 1024 940 differt
1039 867 1066 919 et
1082 881 1139 920 rem
1159 865 1235 920 tanti
1249 865 1314 920 ne'ri

168 963 271 1020 endo'ero
283 961 476 1020 sudri'ce'endam
490 963 646 1038 detegentem
659 967 765 1019 tractat
776 981 810 1019 ac
823 968 963 1032 retractat,
975 961 1053 1018 elium
1067 962 1108 1017 od
1117 961 1309 1019 modmandam

169 1059 323 1118 Ecclesiam
345 1067 488 1118 aumateem
499 1060 605 1138 fuisse,
627 1079 657 1118 se
680 1062 735 1118 eam
757 1061 941 1135 importuman
965 1060 1060 1117 mederi
1074 1069 1159 1135 porse,
1183 1061 1212 1117 ri
1233 1059 1310 1116 ellries

169 1177 267 1216 curam
289 1160 330 1215 nd
345 1159 411 1217 haec
431 1179 560 1218 reuocare
578 1159 684 1218 audeat.
730 1158 798 1218 Tres
819 1162 908 1234 itaque
927 1160 1003 1216 lectos
1017 1166 1111 1233 poetar
1126 1159 1199 1230 (m'si
1214 1160 1309 1216 emean-

169 1258 289 1315 tionibnr
302 1259 367 1316 meis
380 1260 465 1316 nemsi
473 1255 576 1336 faura)
590 1259 714 1316 saniores
729 1260 784 1316 eam
799 1257 825 1316 d*
839 1259 1012 1332 expolitiores
1025 1257 1077 1314 tibi
1092 1259 1181 1315 dedseo
1193 1277 1227 1314 ac
1239 1277 1309 1315 eom-

169 1357 270 1414 mendo.
315 1355 388 1428 Quor
413 1359 444 1415 si
466 1357 581 1435 &regna
610 1359 654 1434 (ut
683 1353 752 1434 opto)
768 1357 871 1435 fronte
897 1359 1057 1432 excoeperri,
1084 1357 1165 1416 Aleos
1191 1358 1310 1434 &ineps

171 1459 279 1514 mittam
293 1501 413 1514 ......

335 1603 408 1662 Post
417 1604 540 1680 se'regretos
553 1601 662 1674 Poetae,
676 1605 796 1678 ipsorum
818 1603 893 1661 Vitas
906 1606 1037 1679 inspicito.

173 1759 338 1837 Hinccum
352 1760 457 1820 Paulus
472 1761 518 1819 lIl
538 1761 619 1838 Papa
636 1771 749 1820 creatus
768 1761 804 1820 sit
822 1779 901 1820 anno
919 1777 1004 1836 1534,
1022 1762 1093 1820 haec
1113 1773 1209 1820 autem
1229 1781 1311 1838 prae·

172 1860 244 1918 latio
266 1877 328 1916 non
351 1860 442 1919 multo
462 1871 532 1936 post
551 1861 657 1938 scripta
676 1861 816 1932 uideatur,
837 1862 922 1919 annis
943 1862 1019 1920 circa
1043 1876 1221 1935 1534-1540
1241 1860 1313 1920 liber

172 1958 269 2016 editus
283 1959 434 2034 colligitur.

215 2057 299 2116 Folia
321 2056 410 2116 habet
435 2061 482 2130 48.
525 2057 540 2114 1
563 2057 711 2128 Frontem,
735 2057 831 2116 11111
857 2057 1078 2128 Praelationem,
1103 2058 1163 2115 lv·
1186 2057 1314 2116 Errorer

171 2159 235 2216 lieet
264 2156 353 2214 Obuii
374 2155 577 2231 Imprersorum
605 2154 729 2234 (nouem
764 2157 859 2215 lineis·
880 2156 1038 2234 impressi),
1067 2158 1113 2213 V⁸
1142 2156 1313 2216 VALERII

173 2253 358 2315 CATVLLI
385 2253 645 2314 VERONENSlS
674 2255 731 2313 ΑΙ)
758 2254 1005 2314 CORNELIVM
1035 2256 1234 2316 NEPOTEM
1259 2255 1314 2314 LI·

173 2353 340 2412 BELLVS.
382 2349 482 2411 XLVb
503 2352 613 2412 Catulli
630 2353 691 2412 Vita
705 2364 760 2429 per
777 2353 944 2426 Creme'tum',
966 2352 1097 2414 XLvub
1123 2355 1222 2414 Versus
1241 2354 1315 2412 Doe-

172 2455 279 2512 teisimi
289 2451 331 2509 Io.
346 2451 379 2508 F
375 2471 452 2510 rane.
468 2451 605 2510 Bnranae
622 2451 779 2511 Veronensis
792 2453 833 2510 ad
842 2452 1040 2526 Hieronymum
1054 2453 1112 2512 An.
1141 2454 1315 2514 ‘Cere-ruram

173 2553 300 2628 ‘magns'
316 2551 473 2608 laudarunt
485 2553 584 2626 prisca
607 2549 738 2628 Cymeti’
760 2553 810 2610 dec.
851 2551 997 2610 vaflt·
1026 2551 1127 2611 Versus
1150 2553 1320 2628 Hierommt'
1377 2613 1382 2622 .

174 2650 301 2708 Bonomi'
315 2648 470 2707 Tarentini.
502 2649 642 2708 ‘Delr'tuit
659 2650 762 2707 dudum
781 2651 920 2708 tenebrosa
940 2657 1012 2708 noete
1027 2650 1169 2710 Catullns'
1183 2651 1233 2710 d'c.
1253 2663 1314 2710 tum

173 2749 321 2808 Benedicti
328 2748 483 2823 Pamprnei.
502 2747 616 2806 ‘Ducite
627 2747 782 2808 Gardenser
792 2748 915 2809 Chorene
928 2769 1000 2806 nunc
1013 2750 1101 2807 dneo'te
1114 2749 1252 2826 stymphae’
1264 2749 1314 2808 dc.

217 2847 307 2907 Caret
320 2847 439 2906 Tibullo
454 2847 709 2930 PropertioeGallo
727 2866 815 2924 quom
834 2849 874 2906 ob
893 2866 1011 2906 causam
1029 2850 1163 2919 nescitur,
1178 2859 1210 2906 ut
1228 2849 1316 2907 etiam

175 2967 228 3006 cur
248 2947 369 3005 unicum
390 2957 468 3005 extet
489 2933 644 3022 exemplos.
686 2945 765 3004 Dicit
783 2947 860 3006 enim
881 2945 916 3004 R.
932 2946 1034 3006 Hebes
1055 2947 1174 3006 alterum
1195 2967 1227 3006 se
1248 2966 1317 3007 nus·

175 3065 266 3123 quam
286 3055 337 3103 aut
354 3045 462 3114 uidisse
483 3046 582 3104 autin
601 3044 662 3104 ullo
684 3043 827 3121 Catalogo
851 3045 897 3104 uel
920 3045 993 3104 libro
1015 3047 1243 3124 bibliogmpbico
1262 3049 1317 3106 nisi

176 3143 303 3204 Gesrreri
331 3144 514 3202 nominatum
546 3144 713 3214 inuenisse;
750 3143 828 3202 idem
856 3157 955 3203 censet
982 3155 1078 3204 cetera
1105 3157 1154 3212 aut
1181 3147 1317 3206 incendio

177 3244 317 3320 periisse;
339 3253 389 3300 aut
404 3260 472 3300 cum
487 3243 630 3303 duantius
649 3243 754 3301 librum
768 3261 853 3301 suum
867 3243 1057 3319 inperfectum
1074 3245 1243 3323 reliquisset,
1258 3263 1318 3304 non

177 3343 322 3418 prodiisse
343 3341 398 3400 nisi
418 3359 510 3400 unum
531 3342 612 3417 quod
634 3351 773 3418 tanquam
796 3341 892 3400 tabule
913 3361 949 3400 ex
972 3342 1123 3419 naturagio
1145 3355 1317 3420 superesset.

177 3439 249 3499 Hoc
275 3440 342 3498 ideo
366 3457 427 3498 non
452 3457 554 3498 uerum
578 3441 703 3516 putarim
724 3440 812 3515 quod,
834 3451 866 3498 ut
891 3439 961 3498 nihil
985 3441 1081 3500 dicam
1105 3442 1142 3501 de
1167 3441 1259 3501 Statio
1282 3461 1317 3502 ac

177 3539 337 3614 Scaligero,
353 3549 381 3597 et
395 3537 527 3596 Muretus
541 3549 569 3596 et
583 3537 777 3598 casaubonus
790 3539 836 3597 uel
855 3541 943 3614 isqui
961 3551 1045 3599 notas
1064 3541 1176 3616 scripsit
1194 3541 1224 3598 in
1243 3559 1318 3600 mar-

176 3641 247 3716 gine
261 3638 309 3697 ed.
323 3637 499 3697 Bodleianae
514 3635 680 3696 Casauboni
695 3636 815 3708 habitas,
830 3639 914 3697 toties
931 3657 966 3696 ea
979 3639 1116 3698 exhibent
1130 3658 1205 3715 quae
1220 3641 1249 3698 in
1263 3641 1318 3700 hac

177 3756 239 3796 uno
253 3736 381 3795 editione
399 3737 578 3812 reperiuntur
591 3745 658 3794 ante
673 3733 856 3804 Muretinam
871 3747 903 3794 ut
920 3736 1025 3795 librum
1043 3738 1077 3795 iis
1096 3747 1211 3814 praesto
1231 3737 1318 3798 luisse

177 3853 290 3911 magno
304 3835 427 3911 pignore
441 3835 649 3893 contenderim.
692 3834 774 3892 Idem
794 3845 956 3894 monstrant
974 3835 1061 3893 etiam
1078 3834 1202 3894 Gesneri
1220 3839 1318 3906 uerba,

178 3938 228 3996 cui
251 3936 323 3994 liber
345 3935 456 4011 integer
476 3935 505 3992 h.
520 3953 545 3992 e.
569 3935 687 3993 adiectis
708 3934 826 3993 Tibullo
847 3934 996 4012 Propertio
1019 3934 1105 3994 Gallo
1130 3937 1159 3994 in
1183 3937 1318 3995 manibus

179 4036 270 4094 iniisse
284 4035 424 4093 uideatur.
466 4032 563 4092 Huius
582 4033 752 4110 scripturam
771 4051 838 4091 cum
853 4033 965 4093 Aldinis
983 4049 1058 4108 1502
1073 4046 1102 4093 et
1119 4050 1195 4109 1515
1210 4053 1319 4112 conpo-

181 4145 275 4194 ratam
289 4151 396 4210 operae
411 4134 536 4209 pretium
550 4131 637 4192 habui
651 4131 697 4191 bic
711 4131 849 4192 subicere.

215 4355 223 4385 ¹
241 4361 321 4406 Petrus
336 4359 437 4406 Crinitus
454 4360 541 4419 scripsit
559 4361 618 4407 libris
632 4361 731 4420 quinique
745 4359 807 4405 Vitas
820 4361 941 4407 Poetarum
954 4361 1102 4418 latinorum,
1120 4374 1215 4421 quorum
1234 4359 1320 4420 praetr·

181 4442 239 4490 doni
252 4457 324 4490 nunus
338 4453 408 4504 1505.
421 4443 502 4504 quinto
514 4442 536 4489 in
548 4443 593 4490 fine
604 4443 739 4504 subscriptus
751 4452 784 4488 est
800 4455 868 4504 1511.

714 4530 795 4596 *ha
