<?xml version="1.0" encoding="UTF-8"?>
<!DOCTYPE html PUBLIC "-//W3C//DTD XHTML 1.0 Transitional//EN"
    "http://www.w3.org/TR/xhtml1/DTD/xhtml1-transitional.dtd">
<html xmlns="http://www.w3.org/1999/xhtml" xml:lang="en" lang="en">
 <head>
  <title>
</title>
<meta http-equiv="Content-Type" content="text/html;charset=utf-8" />
  <meta name='ocr-system' content='tesseract 3.04.00' />
  <meta name='ocr-capabilities' content='ocr_page ocr_carea ocr_par ocr_line ocrx_word'/>
</head>
<body>
  <div class='ocr_page' id='page_1' title='image "./catulliliber00elligoog_0357.png"; bbox 0 0 3074 5066; ppageno 0'>
   <div class='ocr_carea' id='block_1_1' title="bbox 235 357 980 422">
    <p class='ocr_par' dir='ltr' id='par_1_1' title="bbox 235 357 980 422">
     <span class='ocr_line' id='line_1_1' title="bbox 235 357 980 422; baseline -0.003 0"><span class='ocrx_word' id='word_1_1' title='bbox 235 365 296 422; x_wconf 80' lang='lat' dir='ltr'>tto</span> <span class='ocrx_word' id='word_1_2' title='bbox 635 359 691 422; x_wconf 84' lang='lat' dir='ltr'>DE</span> <span class='ocrx_word' id='word_1_3' title='bbox 718 357 980 420; x_wconf 82' lang='lat' dir='ltr'><strong>PARTITIONE</strong></span> 
     </span>
    </p>
   </div>
   <div class='ocr_carea' id='block_1_2' title="bbox 753 539 862 600">
    <p class='ocr_par' dir='ltr' id='par_1_2' title="bbox 753 539 862 600">
     <span class='ocr_line' id='line_1_2' title="bbox 753 539 862 600; baseline 0 0"><span class='ocrx_word' id='word_1_4' title='bbox 753 539 862 600; x_wconf 77' lang='lat' dir='ltr'>vat</span> 
     </span>
    </p>
   </div>
   <div class='ocr_carea' id='block_1_3' title="bbox 232 668 1383 1318">
    <p class='ocr_par' dir='ltr' id='par_1_3' title="bbox 232 668 1383 1318">
     <span class='ocr_line' id='line_1_3' title="bbox 273 668 1381 750; baseline -0.006 -16"><span class='ocrx_word' id='word_1_5' title='bbox 273 673 401 734; x_wconf 78' lang='lat' dir='ltr'>eornm</span> <span class='ocrx_word' id='word_1_6' title='bbox 415 672 574 733; x_wconf 79' lang='lat' dir='ltr'>Beronices</span> <span class='ocrx_word' id='word_1_7' title='bbox 593 691 663 732; x_wconf 88' lang='lat' dir='ltr'>cum</span> <span class='ocrx_word' id='word_1_8' title='bbox 681 691 718 734; x_wconf 82' lang='lat' dir='ltr'>ex</span> <span class='ocrx_word' id='word_1_9' title='bbox 732 672 914 732; x_wconf 71' lang='lat' dir='ltr'>Callimacho</span> <span class='ocrx_word' id='word_1_10' title='bbox 933 671 1107 750; x_wconf 74' lang='lat' dir='ltr'>expresserit</span> <span class='ocrx_word' id='word_1_11' title='bbox 1123 668 1264 740; x_wconf 82' lang='lat' dir='ltr'><strong>Catullus,</strong></span> <span class='ocrx_word' id='word_1_12' title='bbox 1278 669 1381 728; x_wconf 87' lang='lat' dir='ltr'>uideu-</span> 
     </span>
     <span class='ocr_line' id='line_1_4' title="bbox 232 766 1381 848; baseline -0.007 -17"><span class='ocrx_word' id='word_1_13' title='bbox 232 771 304 832; x_wconf 89' lang='lat' dir='ltr'>dum</span> <span class='ocrx_word' id='word_1_14' title='bbox 324 773 355 830; x_wconf 93' lang='lat' dir='ltr'>in</span> <span class='ocrx_word' id='word_1_15' title='bbox 374 771 484 848; x_wconf 77' lang='grc'>11133113</span> <span class='ocrx_word' id='word_1_16' title='bbox 498 770 695 830; x_wconf 86' lang='lat' dir='ltr'>Callimachiis</span> <span class='ocrx_word' id='word_1_17' title='bbox 709 789 855 848; x_wconf 87' lang='lat' dir='ltr'>quaenam</span> <span class='ocrx_word' id='word_1_18' title='bbox 872 781 1012 848; x_wconf 78' lang='lat' dir='ltr'>appareat</span> <span class='ocrx_word' id='word_1_19' title='bbox 1030 769 1233 829; x_wconf 78' lang='lat' dir='ltr'>conformatio.</span> <span class='ocrx_word' id='word_1_20' title='bbox 1278 766 1381 842; x_wconf 87' lang='lat' dir='ltr'>Itaque</span> 
     </span>
     <span class='ocr_line' id='line_1_5' title="bbox 232 865 1381 944; baseline -0.004 -17"><span class='ocrx_word' id='word_1_21' title='bbox 232 865 1296 944; x_wconf 68' lang='lat' dir='ltr'>inanirpmnaiiiiioequaesoiaexcailimachiisextatelegiahae</span> <span class='ocrx_word' id='word_1_22' title='bbox 1315 875 1381 923; x_wconf 91' lang='lat' dir='ltr'>sunt</span> 
     </span>
     <span class='ocr_line' id='line_1_6' title="bbox 232 964 1383 1044; baseline -0.005 -19"><span class='ocrx_word' id='word_1_23' title='bbox 232 979 1056 1044; x_wconf 80' lang='lat' dir='ltr'>pasteararorororarorororarorarara.</span> <span class='ocrx_word' id='word_1_24' title='bbox 1106 964 1383 1036; x_wconf 70' lang='lat' dir='ltr'>Haeerpumiet</span> 
     </span>
     <span class='ocr_line' id='line_1_7' title="bbox 232 1061 1383 1142; baseline -0.005 -18"><span class='ocrx_word' id='word_1_25' title='bbox 232 1065 383 1140; x_wconf 76' lang='lat' dir='ltr'>longiores</span> <span class='ocrx_word' id='word_1_26' title='bbox 401 1075 469 1124; x_wconf 79' lang='lat' dir='ltr'>sum</span> <span class='ocrx_word' id='word_1_27' title='bbox 486 1075 516 1122; x_wconf 80' lang='lat' dir='ltr'>et</span> <span class='ocrx_word' id='word_1_28' title='bbox 535 1065 651 1141; x_wconf 84' lang='lat' dir='ltr'>saepius</span> <span class='ocrx_word' id='word_1_29' title='bbox 670 1067 816 1142; x_wconf 77' lang='lat' dir='ltr'>repetitae.</span> <span class='ocrx_word' id='word_1_30' title='bbox 858 1065 964 1142; x_wconf 84' lang='lat' dir='ltr'>Neque</span> <span class='ocrx_word' id='word_1_31' title='bbox 983 1064 1039 1122; x_wconf 86' lang='lat' dir='ltr'>alia</span> <span class='ocrx_word' id='word_1_32' title='bbox 1055 1073 1101 1122; x_wconf 87' lang='lat' dir='ltr'>est</span> <span class='ocrx_word' id='word_1_33' title='bbox 1118 1065 1191 1122; x_wconf 80' lang='lat' dir='ltr'>ratio</span> <span class='ocrx_word' id='word_1_34' title='bbox 1205 1061 1383 1121; x_wconf 80' lang='lat' dir='ltr'>Catulliana-</span> 
     </span>
     <span class='ocr_line' id='line_1_8' title="bbox 232 1157 1383 1239; baseline -0.003 -18"><span class='ocrx_word' id='word_1_35' title='bbox 232 1179 307 1221; x_wconf 87' lang='lat' dir='ltr'>rum.</span> <span class='ocrx_word' id='word_1_36' title='bbox 349 1161 453 1239; x_wconf 87' lang='lat' dir='ltr'>ltaque</span> <span class='ocrx_word' id='word_1_37' title='bbox 473 1179 535 1221; x_wconf 86' lang='lat' dir='ltr'>non</span> <span class='ocrx_word' id='word_1_38' title='bbox 555 1163 699 1221; x_wconf 86' lang='lat' dir='ltr'>assentior</span> <span class='ocrx_word' id='word_1_39' title='bbox 711 1161 841 1222; x_wconf 84' lang='lat' dir='ltr'>Frankio</span> <span class='ocrx_word' id='word_1_40' title='bbox 854 1162 982 1222; x_wconf 82' lang='lat' dir='ltr'>Comum</span> <span class='ocrx_word' id='word_1_41' title='bbox 1000 1160 1159 1221; x_wconf 78' lang='lat' dir='ltr'>Beronices</span> <span class='ocrx_word' id='word_1_42' title='bbox 1180 1159 1320 1218; x_wconf 88' lang='lat' dir='ltr'>minutius</span> <span class='ocrx_word' id='word_1_43' title='bbox 1341 1157 1383 1217; x_wconf 87' lang='lat' dir='ltr'>sic</span> 
     </span>
     <span class='ocr_line' id='line_1_9' title="bbox 232 1259 417 1318; baseline -0.011 0"><span class='ocrx_word' id='word_1_44' title='bbox 232 1259 417 1318; x_wconf 85' lang='lat' dir='ltr'>distribuenti</span> 
     </span>
    </p>
   </div>
   <div class='ocr_carea' id='block_1_4' title="bbox 186 1373 1430 1549">
    <p class='ocr_par' dir='ltr' id='par_1_4' title="bbox 186 1373 1430 1549">
     <span class='ocr_line' id='line_1_10' title="bbox 186 1373 1430 1498; baseline -0.008 -39.398"><span class='ocrx_word' id='word_1_45' title='bbox 186 1378 331 1498; x_wconf 77' lang='lat'>¹⁴(·15</span> <span class='ocrx_word' id='word_1_46' title='bbox 333 1379 384 1456; x_wconf 79' lang='lat'>32)</span> <span class='ocrx_word' id='word_1_47' title='bbox 395 1379 461 1458; x_wconf 91' lang='grc'>(33·</span> <span class='ocrx_word' id='word_1_48' title='bbox 463 1379 514 1456; x_wconf 78' lang='grc'>38)</span> <span class='ocrx_word' id='word_1_49' title='bbox 525 1378 587 1458; x_wconf 80' lang='lat'>(39</span> <span class='ocrx_word' id='word_1_50' title='bbox 599 1373 1430 1460; x_wconf 61' lang='grc'>311433315338)(3364)(63681163-3616333)</span> 
     </span>
     <span class='ocr_line' id='line_1_11' title="bbox 204 1445 1422 1549; baseline -0.004 -14.704"><span class='ocrx_word' id='word_1_51' title='bbox 204 1445 465 1543; x_wconf 80' lang='lat'>⁴6÷126</span> <span class='ocrx_word' id='word_1_52' title='bbox 579 1497 598 1549; x_wconf 93' lang='grc'>4</span> <span class='ocrx_word' id='word_1_53' title='bbox 712 1480 731 1536; x_wconf 90' lang='lat'><em>8</em></span> <span class='ocrx_word' id='word_1_54' title='bbox 845 1480 864 1536; x_wconf 90' lang='lat'><em>8</em></span> <span class='ocrx_word' id='word_1_55' title='bbox 978 1481 996 1536; x_wconf 94' lang='grc'>6</span> <span class='ocrx_word' id='word_1_56' title='bbox 1108 1496 1126 1548; x_wconf 95' lang='grc'>4</span> <span class='ocrx_word' id='word_1_57' title='bbox 1241 1476 1422 1538; x_wconf 70' lang='grc'>83336</span> 
     </span>
    </p>
   </div>
   <div class='ocr_carea' id='block_1_5' title="bbox 232 1613 1382 2082">
    <p class='ocr_par' dir='ltr' id='par_1_5' title="bbox 232 1613 1382 2082">
     <span class='ocr_line' id='line_1_12' title="bbox 274 1613 1382 1692; baseline 0.001 -21"><span class='ocrx_word' id='word_1_58' title='bbox 274 1613 314 1673; x_wconf 87' lang='lat' dir='ltr'>Vt</span> <span class='ocrx_word' id='word_1_59' title='bbox 333 1613 439 1690; x_wconf 79' lang='lat' dir='ltr'>largiar</span> <span class='ocrx_word' id='word_1_60' title='bbox 458 1633 508 1674; x_wconf 86' lang='lat' dir='ltr'>uu</span> <span class='ocrx_word' id='word_1_61' title='bbox 524 1633 585 1692; x_wconf 89' lang='grc'>33-</span> <span class='ocrx_word' id='word_1_62' title='bbox 563 1617 634 1691; x_wconf 86' lang='grc'>-38,</span> <span class='ocrx_word' id='word_1_63' title='bbox 655 1615 706 1676; x_wconf 89' lang='lat' dir='ltr'>ubi</span> <span class='ocrx_word' id='word_1_64' title='bbox 726 1634 815 1676; x_wconf 87' lang='lat' dir='ltr'>coma</span> <span class='ocrx_word' id='word_1_65' title='bbox 837 1625 964 1676; x_wconf 88' lang='lat' dir='ltr'>uouetur</span> <span class='ocrx_word' id='word_1_66' title='bbox 984 1627 1014 1676; x_wconf 89' lang='lat' dir='ltr'>et</span> <span class='ocrx_word' id='word_1_67' title='bbox 1037 1625 1225 1676; x_wconf 76' lang='lat' dir='ltr'>consecrauit</span> <span class='ocrx_word' id='word_1_68' title='bbox 1248 1615 1382 1675; x_wconf 85' lang='lat' dir='ltr'>uersibus</span> 
     </span>
     <span class='ocr_line' id='line_1_13' title="bbox 234 1713 1381 1790; baseline -0.001 -19"><span class='ocrx_word' id='word_1_69' title='bbox 234 1715 334 1788; x_wconf 75' lang='lat' dir='ltr'>5p-64</span> <span class='ocrx_word' id='word_1_70' title='bbox 355 1714 406 1771; x_wconf 92' lang='lat' dir='ltr'>ubi</span> <span class='ocrx_word' id='word_1_71' title='bbox 426 1713 532 1772; x_wconf 73' lang='grc'>3331333</span> <span class='ocrx_word' id='word_1_72' title='bbox 551 1714 627 1772; x_wconf 87' lang='lat' dir='ltr'>inter</span> <span class='ocrx_word' id='word_1_73' title='bbox 647 1713 743 1772; x_wconf 83' lang='lat' dir='ltr'>sidera</span> <span class='ocrx_word' id='word_1_74' title='bbox 762 1713 889 1790; x_wconf 88' lang='lat' dir='ltr'>ponitur,</span> <span class='ocrx_word' id='word_1_75' title='bbox 910 1723 978 1790; x_wconf 91' lang='lat' dir='ltr'>apte</span> <span class='ocrx_word' id='word_1_76' title='bbox 997 1714 1185 1790; x_wconf 85' lang='lat' dir='ltr'>respondere,</span> <span class='ocrx_word' id='word_1_77' title='bbox 1206 1731 1268 1771; x_wconf 91' lang='lat' dir='ltr'>non</span> <span class='ocrx_word' id='word_1_78' title='bbox 1293 1713 1381 1771; x_wconf 78' lang='lat' dir='ltr'>tuideo</span> 
     </span>
     <span class='ocr_line' id='line_1_14' title="bbox 232 1811 1380 1886; baseline -0.001 -17"><span class='ocrx_word' id='word_1_79' title='bbox 232 1827 322 1886; x_wconf 87' lang='lat' dir='ltr'>quare</span> <span class='ocrx_word' id='word_1_80' title='bbox 340 1828 438 1885; x_wconf 82' lang='lat'><strong>39-42</strong></span> <span class='ocrx_word' id='word_1_81' title='bbox 457 1811 589 1870; x_wconf 77' lang='lat' dir='ltr'>uersibus</span> <span class='ocrx_word' id='word_1_82' title='bbox 609 1811 709 1884; x_wconf 84' lang='lat'><strong>65-68</strong></span> <span class='ocrx_word' id='word_1_83' title='bbox 730 1821 807 1870; x_wconf 87' lang='lat' dir='ltr'>stare</span> <span class='ocrx_word' id='word_1_84' title='bbox 827 1811 914 1870; x_wconf 87' lang='lat' dir='ltr'>iaciat</span> <span class='ocrx_word' id='word_1_85' title='bbox 933 1829 972 1869; x_wconf 84' lang='lat' dir='ltr'>ex</span> <span class='ocrx_word' id='word_1_86' title='bbox 992 1811 1116 1869; x_wconf 85' lang='lat' dir='ltr'>aduerso</span> <span class='ocrx_word' id='word_1_87' title='bbox 1137 1829 1192 1869; x_wconf 88' lang='lat' dir='ltr'>nec</span> <span class='ocrx_word' id='word_1_88' title='bbox 1212 1829 1265 1869; x_wconf 88' lang='lat' dir='ltr'>cur</span> <span class='ocrx_word' id='word_1_89' title='bbox 1280 1824 1380 1884; x_wconf 83' lang='lat'><strong>43-50</strong></span> 
     </span>
     <span class='ocr_line' id='line_1_15' title="bbox 237 1905 1380 1985; baseline 0 -21"><span class='ocrx_word' id='word_1_90' title='bbox 237 1929 270 1959; x_wconf 97' lang='lat'>=</span> <span class='ocrx_word' id='word_1_91' title='bbox 284 1909 394 1982; x_wconf 85' lang='lat' dir='ltr'><strong>⁶9·i⁶·</strong></span> <span class='ocrx_word' id='word_1_92' title='bbox 436 1905 549 1967; x_wconf 78' lang='lat' dir='ltr'>Rursus</span> <span class='ocrx_word' id='word_1_93' title='bbox 570 1907 695 1984; x_wconf 87' lang='lat' dir='ltr'>primam</span> <span class='ocrx_word' id='word_1_94' title='bbox 716 1911 858 1982; x_wconf 70' lang='grc'>3333363313</span> <span class='ocrx_word' id='word_1_95' title='bbox 876 1918 945 1985; x_wconf 82' lang='lat' dir='ltr'>post</span> <span class='ocrx_word' id='word_1_96' title='bbox 965 1926 1083 1967; x_wconf 88' lang='lat' dir='ltr'>uersum</span> <span class='ocrx_word' id='word_1_97' title='bbox 1107 1926 1143 1980; x_wconf 87' lang='grc'>34</span> <span class='ocrx_word' id='word_1_98' title='bbox 1164 1925 1233 1967; x_wconf 90' lang='lat' dir='ltr'>cum</span> <span class='ocrx_word' id='word_1_99' title='bbox 1254 1905 1380 1966; x_wconf 84' lang='lat' dir='ltr'>Fraukio</span> 
     </span>
     <span class='ocr_line' id='line_1_16' title="bbox 232 2003 1127 2082; baseline 0.002 -19"><span class='ocrx_word' id='word_1_100' title='bbox 232 2003 318 2064; x_wconf 80' lang='lat' dir='ltr'>facio.</span> <span class='ocrx_word' id='word_1_101' title='bbox 360 2004 421 2064; x_wconf 88' lang='lat' dir='ltr'>Sed</span> <span class='ocrx_word' id='word_1_102' title='bbox 433 2016 568 2082; x_wconf 85' lang='lat' dir='ltr'>curpost</span> <span class='ocrx_word' id='word_1_103' title='bbox 583 2025 621 2080; x_wconf 83' lang='grc'>33</span> <span class='ocrx_word' id='word_1_104' title='bbox 637 2005 705 2066; x_wconf 85' lang='lat' dir='ltr'>iacit</span> <span class='ocrx_word' id='word_1_105' title='bbox 718 2009 849 2066; x_wconf 82' lang='lat' dir='ltr'>nouam?</span> <span class='ocrx_word' id='word_1_106' title='bbox 890 2006 1001 2066; x_wconf 87' lang='lat' dir='ltr'>Versus</span> <span class='ocrx_word' id='word_1_107' title='bbox 1015 2007 1127 2066; x_wconf 87' lang='lat' dir='ltr'>sunthi</span> 
     </span>
    </p>
   </div>
   <div class='ocr_carea' id='block_1_6' title="bbox 314 2133 1203 2700">
    <p class='ocr_par' dir='ltr' id='par_1_6' title="bbox 315 2133 1203 2310">
     <span class='ocr_line' id='line_1_17' title="bbox 315 2133 1203 2213; baseline 0.002 -21"><span class='ocrx_word' id='word_1_108' title='bbox 315 2153 353 2211; x_wconf 82' lang='lat'>29</span> <span class='ocrx_word' id='word_1_109' title='bbox 395 2133 1203 2213; x_wconf 62' lang='lat' dir='ltr'>Summuntmzttensquaembalocuues.</span> 
     </span>
     <span class='ocr_line' id='line_1_18' title="bbox 315 2233 1012 2310; baseline 0.003 -18"><span class='ocrx_word' id='word_1_110' title='bbox 315 2251 355 2308; x_wconf 82' lang='grc' dir='ltr'>3ο</span> <span class='ocrx_word' id='word_1_111' title='bbox 436 2233 560 2310; x_wconf 65' lang='lat' dir='ltr'>Ippiter</span> <span class='ocrx_word' id='word_1_112' title='bbox 573 2236 698 2293; x_wconf 70' lang='grc'>31133311</span> <span class='ocrx_word' id='word_1_113' title='bbox 708 2235 816 2293; x_wconf 75' lang='grc'>1333331333</span> <span class='ocrx_word' id='word_1_114' title='bbox 829 2245 906 2310; x_wconf 81' lang='lat' dir='ltr'>saepe</span> <span class='ocrx_word' id='word_1_115' title='bbox 918 2255 1012 2294; x_wconf 83' lang='grc'>3333333.</span> 
     </span>
    </p>

    <p class='ocr_par' dir='ltr' id='par_1_7' title="bbox 314 2327 1157 2504">
     <span class='ocr_line' id='line_1_19' title="bbox 314 2327 1157 2408; baseline 0.004 -21"><span class='ocrx_word' id='word_1_116' title='bbox 314 2348 351 2406; x_wconf 85' lang='grc'>33</span> <span class='ocrx_word' id='word_1_117' title='bbox 398 2327 848 2401; x_wconf 62' lang='lat' dir='ltr'>Quiumuauutanoadeusr</span> <span class='ocrx_word' id='word_1_118' title='bbox 888 2333 938 2392; x_wconf 79' lang='lat' dir='ltr'>An</span> <span class='ocrx_word' id='word_1_119' title='bbox 952 2333 1157 2408; x_wconf 65' lang='lat' dir='ltr'>quadrimanus</span> 
     </span>
     <span class='ocr_line' id='line_1_20' title="bbox 315 2427 1066 2504; baseline 0.004 -21"><span class='ocrx_word' id='word_1_120' title='bbox 315 2444 353 2503; x_wconf 85' lang='grc'>33</span> <span class='ocrx_word' id='word_1_121' title='bbox 436 2427 505 2486; x_wconf 80' lang='lat' dir='ltr'>Non</span> <span class='ocrx_word' id='word_1_122' title='bbox 518 2429 596 2504; x_wconf 77' lang='lat' dir='ltr'>laage</span> <span class='ocrx_word' id='word_1_123' title='bbox 608 2448 628 2487; x_wconf 95' lang='lat' dir='ltr'>a</span> <span class='ocrx_word' id='word_1_124' title='bbox 640 2448 709 2488; x_wconf 83' lang='lat' dir='ltr'>coro</span> <span class='ocrx_word' id='word_1_125' title='bbox 721 2439 832 2504; x_wconf 83' lang='lat' dir='ltr'>corpore</span> <span class='ocrx_word' id='word_1_126' title='bbox 844 2431 934 2489; x_wconf 79' lang='lat' dir='ltr'>abesse</span> <span class='ocrx_word' id='word_1_127' title='bbox 946 2430 1066 2488; x_wconf 74' lang='lat' dir='ltr'>uolani?</span> 
     </span>
    </p>

    <p class='ocr_par' dir='ltr' id='par_1_8' title="bbox 315 2525 1071 2604">
     <span class='ocr_line' id='line_1_21' title="bbox 315 2525 1071 2604; baseline 0.004 -21"><span class='ocrx_word' id='word_1_128' title='bbox 315 2543 353 2600; x_wconf 85' lang='grc'>33</span> <span class='ocrx_word' id='word_1_129' title='bbox 394 2525 485 2601; x_wconf 80' lang='lat' dir='ltr'>Atque</span> <span class='ocrx_word' id='word_1_130' title='bbox 498 2525 541 2584; x_wconf 84' lang='lat' dir='ltr'>ibi</span> <span class='ocrx_word' id='word_1_131' title='bbox 550 2545 591 2584; x_wconf 85' lang='lat' dir='ltr'>me</span> <span class='ocrx_word' id='word_1_132' title='bbox 603 2529 708 2586; x_wconf 68' lang='grc'>33333133</span> <span class='ocrx_word' id='word_1_133' title='bbox 714 2537 773 2603; x_wconf 80' lang='lat' dir='ltr'>pro</span> <span class='ocrx_word' id='word_1_134' title='bbox 785 2527 863 2586; x_wconf 78' lang='lat' dir='ltr'>dulci</span> <span class='ocrx_word' id='word_1_135' title='bbox 871 2530 984 2604; x_wconf 79' lang='grc'>33331333</span> <span class='ocrx_word' id='word_1_136' title='bbox 997 2528 1071 2586; x_wconf 73' lang='lat' dir='ltr'>drict&#39;s</span> 
     </span>
    </p>

    <p class='ocr_par' dir='ltr' id='par_1_9' title="bbox 314 2621 1088 2700">
     <span class='ocr_line' id='line_1_22' title="bbox 314 2621 1088 2700; baseline 0 -18"><span class='ocrx_word' id='word_1_137' title='bbox 314 2638 353 2695; x_wconf 82' lang='grc'>34</span> <span class='ocrx_word' id='word_1_138' title='bbox 435 2621 504 2682; x_wconf 80' lang='lat' dir='ltr'>Non</span> <span class='ocrx_word' id='word_1_139' title='bbox 517 2624 576 2682; x_wconf 81' lang='grc'>33133</span> <span class='ocrx_word' id='word_1_140' title='bbox 589 2626 702 2684; x_wconf 62' lang='lat' dir='ltr'>laurum</span> <span class='ocrx_word' id='word_1_141' title='bbox 714 2627 851 2700; x_wconf 76' lang='grc'>3333333133</span> <span class='ocrx_word' id='word_1_142' title='bbox 858 2625 982 2699; x_wconf 82' lang='lat' dir='ltr'>pallicr&#39;ta</span> <span class='ocrx_word' id='word_1_143' title='bbox 997 2643 1024 2682; x_wconf 81' lang='grc'>33</span> <span class='ocrx_word' id='word_1_144' title='bbox 1037 2624 1088 2683; x_wconf 74' lang='lat' dir='ltr'>dec.</span> 
     </span>
    </p>
   </div>
   <div class='ocr_carea' id='block_1_7' title="bbox 227 2767 1384 3824">
    <p class='ocr_par' dir='ltr' id='par_1_10' title="bbox 227 2767 1384 3824">
     <span class='ocr_line' id='line_1_23' title="bbox 272 2767 1383 2850; baseline 0.005 -22"><span class='ocrx_word' id='word_1_145' title='bbox 272 2767 361 2830; x_wconf 88' lang='lat' dir='ltr'>Nulla</span> <span class='ocrx_word' id='word_1_146' title='bbox 378 2789 479 2848; x_wconf 87' lang='lat' dir='ltr'>pausa,</span> <span class='ocrx_word' id='word_1_147' title='bbox 493 2773 540 2834; x_wconf 86' lang='lat' dir='ltr'>uel</span> <span class='ocrx_word' id='word_1_148' title='bbox 559 2775 739 2849; x_wconf 76' lang='lat' dir='ltr'>brutissima,</span> <span class='ocrx_word' id='word_1_149' title='bbox 753 2776 784 2833; x_wconf 89' lang='lat' dir='ltr'>in</span> <span class='ocrx_word' id='word_1_150' title='bbox 802 2775 864 2848; x_wconf 91' lang='lat' dir='ltr'>his;</span> <span class='ocrx_word' id='word_1_151' title='bbox 886 2793 942 2834; x_wconf 90' lang='lat' dir='ltr'>nec</span> <span class='ocrx_word' id='word_1_152' title='bbox 962 2792 1035 2834; x_wconf 91' lang='lat' dir='ltr'>uero</span> <span class='ocrx_word' id='word_1_153' title='bbox 1057 2774 1089 2834; x_wconf 90' lang='lat' dir='ltr'>fit</span> <span class='ocrx_word' id='word_1_154' title='bbox 1110 2783 1179 2834; x_wconf 84' lang='lat' dir='ltr'>ante</span> <span class='ocrx_word' id='word_1_155' title='bbox 1200 2773 1383 2850; x_wconf 87' lang='lat' dir='ltr'>completum</span> 
     </span>
     <span class='ocr_line' id='line_1_24' title="bbox 232 2867 1384 2958; baseline 0.01 -33"><span class='ocrx_word' id='word_1_156' title='bbox 232 2870 325 2942; x_wconf 83' lang='grc'>338.</span> <span class='ocrx_word' id='word_1_157' title='bbox 367 2867 412 2927; x_wconf 90' lang='lat' dir='ltr'>Ibi</span> <span class='ocrx_word' id='word_1_158' title='bbox 432 2873 533 2931; x_wconf 80' lang='lat' dir='ltr'>transit</span> <span class='ocrx_word' id='word_1_159' title='bbox 552 2890 570 2931; x_wconf 88' lang='lat' dir='ltr'>a</span> <span class='ocrx_word' id='word_1_160' title='bbox 589 2873 731 2932; x_wconf 86' lang='lat' dir='ltr'>Beronice</span> <span class='ocrx_word' id='word_1_161' title='bbox 750 2873 788 2932; x_wconf 87' lang='lat' dir='ltr'>ad</span> <span class='ocrx_word' id='word_1_162' title='bbox 805 2891 837 2932; x_wconf 89' lang='lat' dir='ltr'>se</span> <span class='ocrx_word' id='word_1_163' title='bbox 852 2874 947 2950; x_wconf 89' lang='lat' dir='ltr'>ipsam</span> <span class='ocrx_word' id='word_1_164' title='bbox 961 2871 1066 2932; x_wconf 85' lang='lat' dir='ltr'>Coma.</span> <span class='ocrx_word' id='word_1_165' title='bbox 1107 2871 1216 2958; x_wconf 61' lang='lat' dir='ltr'>(maia,</span> <span class='ocrx_word' id='word_1_166' title='bbox 1233 2870 1384 2947; x_wconf 72' lang='grc'>03333133,</span> 
     </span>
     <span class='ocr_line' id='line_1_25' title="bbox 232 2965 1384 3047; baseline 0.007 -26"><span class='ocrx_word' id='word_1_167' title='bbox 232 2971 278 3022; x_wconf 81' lang='lat' dir='ltr'>tuo</span> <span class='ocrx_word' id='word_1_168' title='bbox 291 2965 323 3022; x_wconf 86' lang='lat' dir='ltr'>de</span> <span class='ocrx_word' id='word_1_169' title='bbox 336 2970 524 3040; x_wconf 67' lang='lat' dir='ltr'>ueratecessi,</span> <span class='ocrx_word' id='word_1_170' title='bbox 540 2977 591 3030; x_wconf 81' lang='lat' dir='ltr'>&amp;c</span> <span class='ocrx_word' id='word_1_171' title='bbox 633 2970 719 3042; x_wconf 86' lang='lat' dir='ltr'>Quae</span> <span class='ocrx_word' id='word_1_172' title='bbox 739 2980 898 3047; x_wconf 82' lang='lat' dir='ltr'>postquam</span> <span class='ocrx_word' id='word_1_173' title='bbox 912 2971 949 3029; x_wconf 89' lang='lat' dir='ltr'>de</span> <span class='ocrx_word' id='word_1_174' title='bbox 967 2987 999 3028; x_wconf 88' lang='lat' dir='ltr'>sc</span> <span class='ocrx_word' id='word_1_175' title='bbox 1017 2968 1230 3029; x_wconf 86' lang='lat' dir='ltr'>aBeronicaeo</span> <span class='ocrx_word' id='word_1_176' title='bbox 1251 2971 1384 3029; x_wconf 85' lang='lat' dir='ltr'>abscissa</span> 
     </span>
     <span class='ocr_line' id='line_1_26' title="bbox 232 3063 1384 3145; baseline 0.003 -25"><span class='ocrx_word' id='word_1_177' title='bbox 232 3063 327 3138; x_wconf 89' lang='lat' dir='ltr'>capite</span> <span class='ocrx_word' id='word_1_178' title='bbox 341 3081 376 3122; x_wconf 86' lang='lat' dir='ltr'>ac</span> <span class='ocrx_word' id='word_1_179' title='bbox 391 3065 427 3124; x_wconf 91' lang='lat' dir='ltr'>de</span> <span class='ocrx_word' id='word_1_180' title='bbox 441 3066 519 3126; x_wconf 85' lang='lat' dir='ltr'>ferro</span> <span class='ocrx_word' id='word_1_181' title='bbox 534 3067 613 3144; x_wconf 90' lang='lat' dir='ltr'>ioqui</span> <span class='ocrx_word' id='word_1_182' title='bbox 628 3067 721 3138; x_wconf 89' lang='lat' dir='ltr'>desiit,</span> <span class='ocrx_word' id='word_1_183' title='bbox 735 3086 822 3127; x_wconf 89' lang='lat' dir='ltr'>uersu</span> <span class='ocrx_word' id='word_1_184' title='bbox 837 3083 872 3141; x_wconf 90' lang='lat'>51</span> <span class='ocrx_word' id='word_1_185' title='bbox 891 3086 970 3127; x_wconf 86' lang='lat' dir='ltr'>noua</span> <span class='ocrx_word' id='word_1_186' title='bbox 983 3085 1051 3145; x_wconf 89' lang='lat' dir='ltr'>pars</span> <span class='ocrx_word' id='word_1_187' title='bbox 1070 3067 1214 3125; x_wconf 87' lang='lat' dir='ltr'>inducitur</span> <span class='ocrx_word' id='word_1_188' title='bbox 1227 3064 1384 3124; x_wconf 71' lang='grc'>,4133333333</span> 
     </span>
     <span class='ocr_line' id='line_1_27' title="bbox 227 3160 1383 3243; baseline 0.003 -25"><span class='ocrx_word' id='word_1_189' title='bbox 227 3160 314 3236; x_wconf 84' lang='lat' dir='ltr'>paulo</span> <span class='ocrx_word' id='word_1_190' title='bbox 333 3169 396 3220; x_wconf 80' lang='lat' dir='ltr'>ante</span> <span class='ocrx_word' id='word_1_191' title='bbox 415 3182 505 3222; x_wconf 81' lang='lat' dir='ltr'>comae</span> <span class='ocrx_word' id='word_1_192' title='bbox 524 3183 583 3222; x_wconf 84' lang='lat' dir='ltr'>meo</span> <span class='ocrx_word' id='word_1_193' title='bbox 595 3165 670 3243; x_wconf 83' lang='lat' dir='ltr'>sata</span> <span class='ocrx_word' id='word_1_194' title='bbox 691 3183 799 3224; x_wconf 83' lang='lat' dir='ltr'>sorores</span> <span class='ocrx_word' id='word_1_195' title='bbox 820 3165 975 3240; x_wconf 79' lang='lat' dir='ltr'>Lugebmti.</span> <span class='ocrx_word' id='word_1_196' title='bbox 1019 3163 1172 3223; x_wconf 81' lang='lat' dir='ltr'>Habemus</span> <span class='ocrx_word' id='word_1_197' title='bbox 1196 3164 1281 3240; x_wconf 87' lang='lat' dir='ltr'>igitur</span> <span class='ocrx_word' id='word_1_198' title='bbox 1304 3163 1383 3222; x_wconf 82' lang='lat' dir='ltr'>hanc</span> 
     </span>
     <span class='ocr_line' id='line_1_28' title="bbox 233 3259 1384 3341; baseline 0.001 -23"><span class='ocrx_word' id='word_1_199' title='bbox 233 3259 495 3320; x_wconf 86' lang='lat' dir='ltr'>dinumerationem</span> <span class='ocrx_word' id='word_1_200' title='bbox 526 3281 562 3334; x_wconf 88' lang='lat'>14</span> <span class='ocrx_word' id='word_1_201' title='bbox 588 3282 624 3334; x_wconf 86' lang='grc'>34</span> <span class='ocrx_word' id='word_1_202' title='bbox 651 3282 698 3321; x_wconf 83' lang='lat' dir='ltr'>rr.</span> <span class='ocrx_word' id='word_1_203' title='bbox 751 3262 909 3341; x_wconf 90' lang='lat' dir='ltr'>Reliquum</span> <span class='ocrx_word' id='word_1_204' title='bbox 938 3280 1065 3332; x_wconf 84' lang='lat' dir='ltr'>camten,</span> <span class='ocrx_word' id='word_1_205' title='bbox 1090 3279 1137 3320; x_wconf 86' lang='lat' dir='ltr'>me</span> <span class='ocrx_word' id='word_1_206' title='bbox 1162 3261 1265 3331; x_wconf 84' lang='lat' dir='ltr'>iudice,</span> <span class='ocrx_word' id='word_1_207' title='bbox 1291 3261 1384 3320; x_wconf 89' lang='lat' dir='ltr'>semel</span> 
     </span>
     <span class='ocr_line' id='line_1_29' title="bbox 232 3357 1384 3436; baseline 0.001 -21"><span class='ocrx_word' id='word_1_208' title='bbox 232 3365 345 3416; x_wconf 89' lang='lat' dir='ltr'>tantum</span> <span class='ocrx_word' id='word_1_209' title='bbox 366 3359 406 3418; x_wconf 83' lang='lat' dir='ltr'>ita</span> <span class='ocrx_word' id='word_1_210' title='bbox 425 3359 570 3433; x_wconf 88' lang='lat' dir='ltr'>diuiditur,</span> <span class='ocrx_word' id='word_1_211' title='bbox 593 3369 626 3418; x_wconf 92' lang='lat' dir='ltr'>ut</span> <span class='ocrx_word' id='word_1_212' title='bbox 649 3361 765 3436; x_wconf 88' lang='lat' dir='ltr'>partitio</span> <span class='ocrx_word' id='word_1_213' title='bbox 790 3371 872 3419; x_wconf 82' lang='lat' dir='ltr'>extra</span> <span class='ocrx_word' id='word_1_214' title='bbox 896 3359 1107 3419; x_wconf 83' lang='lat' dir='ltr'>dubitationem</span> <span class='ocrx_word' id='word_1_215' title='bbox 1132 3358 1176 3417; x_wconf 90' lang='lat' dir='ltr'>sit.</span> <span class='ocrx_word' id='word_1_216' title='bbox 1227 3357 1305 3417; x_wconf 93' lang='lat' dir='ltr'>Dico</span> <span class='ocrx_word' id='word_1_217' title='bbox 1333 3367 1384 3416; x_wconf 90' lang='lat' dir='ltr'>aut</span> 
     </span>
     <span class='ocr_line' id='line_1_30' title="bbox 231 3457 1383 3535; baseline 0 -23"><span class='ocrx_word' id='word_1_218' title='bbox 231 3464 300 3530; x_wconf 92' lang='lat' dir='ltr'>post</span> <span class='ocrx_word' id='word_1_219' title='bbox 330 3459 368 3531; x_wconf 81' lang='lat'>76</span> <span class='ocrx_word' id='word_1_220' title='bbox 397 3467 447 3516; x_wconf 86' lang='lat' dir='ltr'>aut</span> <span class='ocrx_word' id='word_1_221' title='bbox 473 3467 541 3535; x_wconf 92' lang='lat' dir='ltr'>post</span> <span class='ocrx_word' id='word_1_222' title='bbox 570 3462 617 3533; x_wconf 82' lang='lat'>78.</span> <span class='ocrx_word' id='word_1_223' title='bbox 674 3457 816 3517; x_wconf 77' lang='lat' dir='ltr'>anlrius</span> <span class='ocrx_word' id='word_1_224' title='bbox 843 3457 1069 3517; x_wconf 86' lang='lat' dir='ltr'>Lachmannum</span> <span class='ocrx_word' id='word_1_225' title='bbox 1098 3465 1215 3516; x_wconf 86' lang='lat' dir='ltr'>secutus</span> <span class='ocrx_word' id='word_1_226' title='bbox 1244 3457 1295 3531; x_wconf 93' lang='lat' dir='ltr'>qui</span> <span class='ocrx_word' id='word_1_227' title='bbox 1327 3473 1383 3532; x_wconf 87' lang='lat' dir='ltr'>pro</span> 
     </span>
     <span class='ocr_line' id='line_1_31' title="bbox 240 3549 1381 3631; baseline -0.002 -19"><span class='ocrx_word' id='word_1_228' title='bbox 240 3549 388 3627; x_wconf 58' lang='lat' dir='ltr'>Vipsanas</span> <span class='ocrx_word' id='word_1_229' title='bbox 416 3555 446 3612; x_wconf 93' lang='lat' dir='ltr'>in</span> <span class='ocrx_word' id='word_1_230' title='bbox 470 3573 498 3614; x_wconf 93' lang='lat' dir='ltr'>u.</span> <span class='ocrx_word' id='word_1_231' title='bbox 518 3558 555 3631; x_wconf 82' lang='lat'>78</span> <span class='ocrx_word' id='word_1_232' title='bbox 585 3554 654 3631; x_wconf 84' lang='lat' dir='ltr'>legit</span> <span class='ocrx_word' id='word_1_233' title='bbox 684 3553 823 3631; x_wconf 74' lang='lat' dir='ltr'>Vngumti</span> <span class='ocrx_word' id='word_1_234' title='bbox 844 3557 875 3613; x_wconf 86' lang='lat' dir='ltr'>ri</span> <span class='ocrx_word' id='word_1_235' title='bbox 896 3555 1111 3614; x_wconf 87' lang='lat' dir='ltr'>distinctionem</span> <span class='ocrx_word' id='word_1_236' title='bbox 1138 3553 1221 3629; x_wconf 90' lang='lat' dir='ltr'>ponit</span> <span class='ocrx_word' id='word_1_237' title='bbox 1249 3561 1318 3628; x_wconf 90' lang='lat' dir='ltr'>post</span> <span class='ocrx_word' id='word_1_238' title='bbox 1344 3555 1381 3628; x_wconf 78' lang='lat'>76</span> 
     </span>
     <span class='ocr_line' id='line_1_32' title="bbox 231 3647 1381 3730; baseline 0.001 -23"><span class='ocrx_word' id='word_1_239' title='bbox 231 3647 324 3726; x_wconf 83' lang='lat' dir='ltr'>Asore</span> <span class='ocrx_word' id='word_1_240' title='bbox 346 3669 387 3709; x_wconf 82' lang='lat' dir='ltr'>me</span> <span class='ocrx_word' id='word_1_241' title='bbox 410 3669 429 3708; x_wconf 90' lang='lat' dir='ltr'>a</span> <span class='ocrx_word' id='word_1_242' title='bbox 453 3654 577 3710; x_wconf 70' lang='grc'>33331333</span> <span class='ocrx_word' id='word_1_243' title='bbox 603 3655 703 3710; x_wconf 78' lang='lat' dir='ltr'>uerii&#39;ce</span> <span class='ocrx_word' id='word_1_244' title='bbox 726 3652 889 3725; x_wconf 72' lang='lat' dir='ltr'>discrucior,</span> <span class='ocrx_word' id='word_1_245' title='bbox 911 3663 943 3712; x_wconf 90' lang='lat' dir='ltr'>ut</span> <span class='ocrx_word' id='word_1_246' title='bbox 964 3651 1100 3730; x_wconf 86' lang='lat' dir='ltr'>proxima</span> <span class='ocrx_word' id='word_1_247' title='bbox 1119 3652 1246 3725; x_wconf 73' lang='grc' dir='ltr'><strong><em>περκοπὴ</em></strong></span> <span class='ocrx_word' id='word_1_248' title='bbox 1267 3650 1381 3708; x_wconf 91' lang='lat' dir='ltr'>initium</span> 
     </span>
     <span class='ocr_line' id='line_1_33' title="bbox 232 3745 425 3824; baseline 0.026 -20"><span class='ocrx_word' id='word_1_249' title='bbox 232 3745 356 3807; x_wconf 86' lang='lat' dir='ltr'>ducata</span> <span class='ocrx_word' id='word_1_250' title='bbox 378 3761 425 3824; x_wconf 81' lang='lat'>77.</span> 
     </span>
    </p>
   </div>
   <div class='ocr_carea' id='block_1_8' title="bbox 394 3877 1222 4443">
    <p class='ocr_par' dir='ltr' id='par_1_11' title="bbox 397 3877 1222 4052">
     <span class='ocr_line' id='line_1_34' title="bbox 397 3877 1222 3959; baseline -0.001 -22"><span class='ocrx_word' id='word_1_251' title='bbox 397 3877 514 3950; x_wconf 78' lang='lat' dir='ltr'>Qai&#39;cum</span> <span class='ocrx_word' id='word_1_252' title='bbox 528 3898 576 3957; x_wconf 82' lang='lat' dir='ltr'>ego</span> <span class='ocrx_word' id='word_1_253' title='bbox 588 3883 653 3940; x_wconf 81' lang='lat' dir='ltr'>dunt</span> <span class='ocrx_word' id='word_1_254' title='bbox 668 3883 752 3957; x_wconf 80' lang='lat' dir='ltr'>uirgo</span> <span class='ocrx_word' id='word_1_255' title='bbox 765 3881 973 3959; x_wconf 77' lang='lat' dir='ltr'>quandamsuti‘</span> <span class='ocrx_word' id='word_1_256' title='bbox 985 3879 1108 3939; x_wconf 61' lang='lat' dir='ltr'>omnibus</span> <span class='ocrx_word' id='word_1_257' title='bbox 1122 3889 1222 3955; x_wconf 83' lang='lat' dir='ltr'>expers</span> 
     </span>
     <span class='ocr_line' id='line_1_35' title="bbox 442 3975 958 4052; baseline 0 -18"><span class='ocrx_word' id='word_1_258' title='bbox 442 3975 580 4052; x_wconf 78' lang='lat' dir='ltr'>Vagusnii</span> <span class='ocrx_word' id='word_1_259' title='bbox 589 3981 619 4036; x_wconf 89' lang='lat' dir='ltr'>si</span> <span class='ocrx_word' id='word_1_260' title='bbox 628 3997 685 4035; x_wconf 86' lang='lat' dir='ltr'>una</span> <span class='ocrx_word' id='word_1_261' title='bbox 700 3979 779 4036; x_wconf 74' lang='lat' dir='ltr'>milia</span> <span class='ocrx_word' id='word_1_262' title='bbox 793 3978 881 4036; x_wconf 84' lang='lat' dir='ltr'>mulia</span> <span class='ocrx_word' id='word_1_263' title='bbox 896 3977 958 4048; x_wconf 84' lang='lat' dir='ltr'>bibi,</span> 
     </span>
    </p>

    <p class='ocr_par' dir='ltr' id='par_1_12' title="bbox 394 4072 1032 4248">
     <span class='ocr_line' id='line_1_36' title="bbox 394 4072 1028 4150; baseline 0 -18"><span class='ocrx_word' id='word_1_264' title='bbox 394 4072 482 4132; x_wconf 82' lang='lat' dir='ltr'>Nunc</span> <span class='ocrx_word' id='word_1_265' title='bbox 495 4093 544 4133; x_wconf 85' lang='lat' dir='ltr'>uos</span> <span class='ocrx_word' id='word_1_266' title='bbox 558 4081 644 4150; x_wconf 76' lang='lat' dir='ltr'>aptato</span> <span class='ocrx_word' id='word_1_267' title='bbox 657 4095 726 4150; x_wconf 86' lang='lat' dir='ltr'>quas</span> <span class='ocrx_word' id='word_1_268' title='bbox 740 4077 842 4134; x_wconf 74' lang='lat' dir='ltr'>ticnxil</span> <span class='ocrx_word' id='word_1_269' title='bbox 853 4076 955 4132; x_wconf 84' lang='lat' dir='ltr'>lumine</span> <span class='ocrx_word' id='word_1_270' title='bbox 968 4076 1028 4132; x_wconf 76' lang='lat' dir='ltr'>teda</span> 
     </span>
     <span class='ocr_line' id='line_1_37' title="bbox 435 4169 1032 4248; baseline 0 -18"><span class='ocrx_word' id='word_1_271' title='bbox 435 4169 503 4230; x_wconf 87' lang='lat' dir='ltr'>Non</span> <span class='ocrx_word' id='word_1_272' title='bbox 511 4178 577 4247; x_wconf 79' lang='lat' dir='ltr'>post</span> <span class='ocrx_word' id='word_1_273' title='bbox 587 4174 730 4230; x_wconf 79' lang='lat' dir='ltr'>unanimis</span> <span class='ocrx_word' id='word_1_274' title='bbox 743 4183 858 4247; x_wconf 81' lang='lat' dir='ltr'>corporo</span> <span class='ocrx_word' id='word_1_275' title='bbox 872 4173 1032 4248; x_wconf 70' lang='grc' dir='ltr'>36331333ιῦ33</span> 
     </span>
    </p>

    <p class='ocr_par' dir='ltr' id='par_1_13' title="bbox 399 4264 1030 4443">
     <span class='ocr_line' id='line_1_38' title="bbox 399 4264 988 4342; baseline 0.005 -19"><span class='ocrx_word' id='word_1_276' title='bbox 399 4264 513 4325; x_wconf 78' lang='lat' dir='ltr'>Tradite</span> <span class='ocrx_word' id='word_1_277' title='bbox 526 4269 659 4327; x_wconf 75' lang='lat' dir='ltr'>nudantes</span> <span class='ocrx_word' id='word_1_278' title='bbox 672 4272 771 4328; x_wconf 73' lang='lat' dir='ltr'>reiecta</span> <span class='ocrx_word' id='word_1_279' title='bbox 785 4276 856 4327; x_wconf 79' lang='lat' dir='ltr'>ueste</span> <span class='ocrx_word' id='word_1_280' title='bbox 862 4269 988 4342; x_wconf 80' lang='lat' dir='ltr'>papillas</span> 
     </span>
     <span class='ocr_line' id='line_1_39' title="bbox 438 4365 1030 4443; baseline 0.005 -20"><span class='ocrx_word' id='word_1_281' title='bbox 438 4365 513 4436; x_wconf 77' lang='lat' dir='ltr'>Qui&#39;rt</span> <span class='ocrx_word' id='word_1_282' title='bbox 527 4369 643 4426; x_wconf 71' lang='lat' dir='ltr'>iocunda</span> <span class='ocrx_word' id='word_1_283' title='bbox 657 4369 730 4426; x_wconf 74' lang='lat' dir='ltr'>mt&#39;ii</span> <span class='ocrx_word' id='word_1_284' title='bbox 739 4387 855 4426; x_wconf 83' lang='lat' dir='ltr'>munera</span> <span class='ocrx_word' id='word_1_285' title='bbox 869 4368 933 4426; x_wconf 76' lang='lat' dir='ltr'>libet</span> <span class='ocrx_word' id='word_1_286' title='bbox 944 4385 1030 4443; x_wconf 79' lang='lat' dir='ltr'>onyx.</span> 
     </span>
    </p>
   </div>
   <div class='ocr_carea' id='block_1_9' title="bbox 0 0 1542 5066">
    <p class='ocr_par' dir='ltr' id='par_1_14' title="bbox 0 0 1542 5066">
     <span class='ocr_line' id='line_1_40' title="bbox 0 0 1542 5066; baseline 0 0"><span class='ocrx_word' id='word_1_287' title='bbox 0 0 1542 5066; x_wconf 95' lang='lat' dir='ltr'> </span> 
     </span>
    </p>
   </div>
  </div>
 </body>
</html>
