3136 5060
252 397 313 452 286
654 393 709 452 DE
734 393 1001 454 PARTlTlONE

498 579 605 652 Iugum
620 579 728 646 tulisse,
743 579 827 638 laena
841 581 904 637 sine
918 579 1038 636 dextera

498 675 625 750 Suigare
640 677 728 746 mula,
743 677 807 736 siue
819 677 956 752 utrinque
970 689 1116 753 coeperat.

440 865 459 914 γ
500 839 606 916 Neque
620 841 679 898 ulla
692 855 762 900 uota
776 841 956 899 semitalibus
969 841 1033 899 deis

499 937 560 996 Sibi
575 957 641 996 esse
655 938 741 1007 facta,
756 951 870 1014 praeter
883 939 941 997 hoc
957 939 1161 1006 nouissimum,

500 1036 624 1094 Paterna
637 1037 708 1106 lora,
724 1037 949 1113 proximumque
964 1037 1119 1113 pectinem.

501 1201 561 1260 Sed
575 1201 648 1260 haec
664 1203 743 1277 prius
757 1200 854 1272 fuere;
878 1219 956 1260 nunc
971 1201 1121 1260 recondita

501 1297 648 1374 Sedetque
662 1299 740 1365 sede,
755 1317 846 1375 seque
860 1299 976 1358 dedicat
990 1299 1041 1358 tibi

500 1394 753 1456 GemelleCastor
767 1408 797 1455 et
813 1396 938 1472 gemelle
952 1395 1092 1456 Castoris
1376 1412 1412 1470 25

296 1615 414 1676 Obiecit
435 1617 508 1676 mihi
528 1617 679 1693 Coningto
699 1619 781 1694 quod
801 1637 877 1695 quae
901 1637 994 1695 pausa
1020 1619 1146 1695 rhythmi
1170 1631 1216 1679 est
1240 1621 1271 1678 in
1294 1619 1412 1682 Phaseli

255 1717 389 1774 uersibus
406 1733 437 1772 rr
455 1714 572 1774 Comata
584 1716 680 1782 silum·
699 1735 765 1772 narr
778 1715 892 1791 &torio
905 1719 936 1773 ἐκ
949 1719 1015 1793 iugo
1032 1733 1068 1790 15
1079 1719 1292 1792 Aliphasdau
1311 1721 1412 1777 ullam

256 1833 296 1872 rx
308 1815 416 1889 origine
428 1811 496 1872 huic
510 1813 580 1872 nihil
593 1813 686 1872 simile
699 1815 730 1872 in
745 1813 930 1890 antistropha
943 1813 1096 1886 inieratur;
1118 1826 1181 1874 tum
1192 1829 1261 1892 post
1275 1837 1304 1874 u
1315 1839 1334 1892 9
1350 1837 1412 1876 non

257 1913 393 1988 abrumpi
406 1913 578 1980 orationem,
593 1913 763 1987 interrumpi
780 1923 849 1988 post
865 1931 921 1980 213
943 1911 1011 1972 ltine
1028 1914 1172 1989 reliquruu
1189 1914 1328 1990 strophae
1343 1933 1411 1973 cum

257 2009 441 2087 antistropho
468 2023 644 2068 concentum
671 2009 791 2068 lorutito
819 2010 969 2069 accidisse.
1022 2010 1083 2070 Hic
1110 2029 1172 2070 non
1197 2030 1307 2088 queror
1330 2013 1411 2088 quod

258 2109 445 2167 minutiorem
464 2119 584 2184 quaerat
604 2119 799 2178 concentum
820 2119 882 2166 tota
901 2109 981 2166 enim
1001 2127 1047 2166 res
1068 2119 1201 2168 uersatur
1221 2111 1252 2166 in
1272 2109 1410 2182 minutis;

258 2206 311 2265 sed
333 2205 404 2264 dom
427 2205 608 2280 stagnorum
630 2221 769 2264 uersuum
793 2206 868 2264 inter
889 2223 921 2263 se
944 2206 1056 2282 quaerit
1079 2207 1326 2278 conuenientium,
1350 2225 1411 2266 non

258 2297 358 2366 debuit
372 2305 598 2382 praetermittere
615 2305 757 2380 partitum
778 2323 835 2364 nec
849 2305 874 2363 si
887 2323 1026 2364 uersuum
1040 2324 1191 2364 caesaram
1211 2306 1243 2364 in
1260 2311 1412 2380 τιμηταῖς

257 2421 321 2464 non
342 2421 459 2481 semper
478 2402 656 2478 respondere
677 2401 829 2477 intelligas,
851 2401 961 2462 idcirco
982 2421 1019 2461 ne
1040 2421 1106 2462 esse
1127 2403 1248 2480 quidem
1268 2407 1411 2478 πρωπὸς

258 2501 419 2578 collegeris
461 2499 538 2572 Quis
550 2511 595 2558 est
609 2501 687 2559 enim
701 2501 752 2576 qui
766 2517 828 2559 non
842 2499 978 2559 consulto
992 2501 1023 2559 id
1038 2501 1147 2560 lacuum
1161 2503 1319 2560 existumet
1330 2503 1411 2578 quod

259 2599 288 2656 in
309 2599 384 2658 duas
404 2617 491 2675 pares
511 2611 609 2675 partes
629 2607 659 2656 et
678 2597 808 2674 Epodon
830 2597 966 2656 diuiditur
987 2599 1125 2657 carmen?
1168 2597 1227 2657 Sed
1248 2611 1280 2658 ut
1302 2601 1411 2660 existu-

258 2697 351 2764 man't,
367 2696 494 2773 perlecta
513 2695 637 2754 Parodia
656 2695 861 2754 existumabitl
901 2693 1038 2766 Quodsi
1059 2697 1201 2754 maiorem
1222 2699 1410 2773 partitionem

257 2792 382 2864 dederis,
404 2811 456 2851 cur
477 2811 570 2868 neges
594 2793 760 2851 minorem?
803 2791 863 2852 Sed
886 2792 1006 2852 dixerit:
1037 2797 1121 2851 ‘non
1146 2811 1241 2868 nego:
1270 2795 1325 2854 sed
1349 2813 1411 2854 non

258 2889 386 2948 ‘eadem
410 2899 454 2948 est
479 2891 509 2948 in
534 2901 656 2966 utraque
671 2903 762 2967 parte
787 2890 900 2950 diuisio.
943 2890 1022 2950 Nam
1044 2890 1165 2967 stropha
1186 2892 1216 2949 in
1239 2909 1267 2966 5,
1285 2905 1313 2965 7,
1336 2895 1411 2952 anti·

258 2988 419 3064 ‘strophos
432 2987 462 3045 in
477 3008 505 3064 9,
521 3007 539 3063 3
554 2988 747 3065 distinguitur.
789 2987 861 3048 Non
879 2990 958 3048 enim
977 2990 1007 3048 in
1027 2990 1148 3065 stropha
1166 2990 1222 3048 nisi
1240 3001 1310 3066 post
1332 3007 1361 3065 5,
1380 2993 1411 3050 in

258 3086 465 3164 ‘antistrophe
483 3097 553 3163 post
568 3099 583 3159 7
600 3087 689 3163 plena
702 3087 781 3146 cadit
795 3087 1006 3164 interpunctio:
1050 3086 1109 3146 Sed
1128 3087 1193 3162 quis
1214 3087 1316 3147 docuit
1337 3089 1410 3148 diui-

258 3183 373 3242 sionem
387 3185 553 3243 initantum
568 3183 629 3241 lieri
642 3185 693 3243 ubi
706 3185 800 3242 oratio
814 3201 933 3260 prorsus
950 3185 1194 3260 interrumpatur?
1235 3185 1410 3244 Videndum

259 3300 298 3340 an
312 3299 373 3341 non
392 3284 470 3342 idem
484 3281 615 3341 Catullus
637 3281 667 3340 in
688 3282 802 3340 minore
823 3283 977 3358 partitione
998 3282 1144 3341 admiserit
1165 3282 1246 3358 quod
1267 3285 1358 3342 etiarn
1380 3286 1411 3344 in

260 3381 379 3452 maiore,
394 3380 461 3440 dico
483 3381 514 3438 in
535 3378 676 3455 Strophas
696 3377 904 3455 Antistrophos
921 3379 1052 3456 Epodos,
1067 3380 1246 3438 admiserunt
1265 3380 1410 3440 Pindarus

260 3478 435 3538 Theocritus
449 3477 505 3536 alii
535 3476 613 3536 ‘Sed
627 3477 781 3554 quomodo
794 3476 933 3536 noscesl’
956 3476 1131 3554 Conparatis
1145 3478 1218 3536 inter
1233 3496 1265 3537 se
1280 3478 1410 3556 Stropha

259 3588 289 3635 et
302 3576 503 3652 Antistropho.
547 3574 577 3633 Si
591 3575 671 3634 enim
686 3574 812 3651 Stropha
826 3593 879 3651 per
894 3593 921 3648 5,
938 3589 954 3650 7
969 3575 1177 3651 Antistrophos
1191 3593 1242 3652 per
1257 3595 1285 3650 9,
1302 3595 1320 3650 3
1336 3577 1410 3636 diui-

260 3674 344 3746 ditur,
368 3693 444 3734 unus
468 3690 606 3732 numents
630 3675 680 3750 qui
704 3673 854 3750 utriusque
879 3673 1046 3732 communis
1069 3673 1107 3733 sit
1130 3673 1240 3732 elicitur
1264 3692 1301 3745 4;
1329 3675 1410 3734 unde

262 3772 388 3849 Stropha
406 3783 456 3832 aut
474 3789 526 3849 per
548 3787 616 3846 543
638 3782 688 3830 aut
709 3786 799 3846 534,
819 3771 1029 3848 Antistrophos
1050 3781 1100 3830 aut
1120 3791 1172 3848 per
1194 3787 1253 3845 543
1275 3782 1326 3830 aut
1349 3789 1409 3848 453

261 3873 460 3932 distribuenda
483 3881 536 3930 est.
577 3870 677 3929 Diuidi
701 3882 799 3930 autem
824 3869 1028 3946 antistrophon
1050 3888 1102 3946 per
1124 3887 1182 3945 543
1205 3869 1351 3946 colligitur
1372 3890 1410 3929 ex

260 3971 382 4030 transitu
403 3969 447 4030 E!
466 3970 527 4028 riade
542 3971 606 4042 (18)
617 3987 625 4040 3
647 3987 716 4028 nam
737 3969 761 4027 si
783 3978 850 4046 post
864 3979 999 4045 quartum
1019 3986 1139 4027 uersum
1152 3968 1273 4038 diuidas,
1289 3987 1410 4045 separes

260 4086 335 4143 quae
346 4071 562 4146 coniunguntur
577 4065 635 4124 Tuo
645 4070 747 4126 slelr'ssc
757 4068 824 4126 dici!
835 4086 854 4124 a
868 4068 1006 4124 cacumine
1017 4063 1048 4122 Τ
1042 4085 1076 4124 uo
1086 4067 1213 4124 imbuisse
1223 4067 1368 4141 palmulas
1378 4070 1410 4124 in

259 4185 382 4239 aequore.
411 4169 475 4226 lam
490 4169 513 4226 si
530 4165 709 4243 Antistrophi
725 4167 837 4225 numeri
851 4175 919 4224 sunt
931 4180 998 4240 543,
1010 4165 1166 4224 uerisimile
1179 4174 1224 4223 est
1239 4164 1408 4240 Stropham,

260 4280 349 4338 quam
364 4265 394 4321 in
409 4279 436 4338 5,
451 4283 465 4340 7
482 4267 540 4323 iam
554 4265 681 4323 uidimus
694 4264 806 4336 cadere,
822 4282 919 4323 rursus
935 4265 963 4320 in
980 4279 1038 4337 543
1053 4263 1154 4322 scindi.
1197 4263 1235 4320 Et
1249 4263 1407 4336 scinditur3

261 4377 330 4418 nam
350 4373 417 4436 post
437 4373 683 4422 commemoratos
702 4363 785 4423 locos
798 4380 874 4439 quos
888 4360 1029 4420 Phaselus
1043 4361 1157 4430 uiserat,
1172 4377 1234 4418 noo
1248 4360 1351 4419 inscite
1371 4362 1409 4419 ab

260 4457 362 4518 ultimo
386 4459 491 4518 horum
511 4459 607 4518 Ponto
629 4461 765 4520 transitur
786 4461 824 4520 ad
841 4459 954 4519 Phaseli
975 4458 1103 4518 natalem
1124 4459 1245 4518 domum
1265 4458 1407 4536 Cytorum
