3074 5066
488 399 715 460 CARMINVM
741 400 932 463 CATVLLI.
1225 403 1284 459 267

306 585 324 640 8
365 581 499 658 Ereptum
514 586 615 642 nostru
628 583 726 642 obterit
737 602 775 644 ex
789 585 882 644 outo.

262 698 281 738 o
325 679 370 738 Ta
383 699 441 740 mro
453 688 486 740 tu
498 683 615 741 morou
616 682 743 759 fregisti
750 684 895 754 commodo,
898 684 1013 762 frater,

263 777 279 836 b
366 777 463 838 Toum
477 799 533 838 roro
547 786 602 838 loto
615 785 656 838 ert
664 787 761 840 nostro
771 783 875 856 sepulta
889 783 992 853 domus

261 895 277 932 c
324 874 426 935 Omma
437 883 521 936 mum
534 895 591 936 una
600 880 744 953 pereom
750 880 861 955 gaudela
874 886 969 938 nostra

260 973 283 1030 d
365 973 966 1046 Qumomromtadulcuateoatamor..

259 1089 273 1127 e
319 1070 382 1130 Hei
391 1075 489 1131 mucro
490 1074 598 1150 fratri
607 1074 756 1132 rummdum
769 1075 861 1133 lumen
873 1075 1036 1149 ademptum,

249 1167 283 1244 s
363 1167 517 1245 Nunquam
530 1188 578 1246 ego
592 1177 624 1242 o,
637 1172 738 1228 meiero
739 1170 845 1247 frater
858 1171 978 1246 adempte
990 1171 1068 1229 meli

301 1285 320 1341 9
361 1266 509 1343 Alloquor,
523 1267 637 1326 mairo
650 1287 791 1344 nunqwm
804 1273 853 1326 tua
962 1269 1117 1344 loquentem

179 1455 240 1516 Sed
254 1475 321 1516 eum
335 1467 379 1518 ter
392 1459 433 1519 sic
446 1467 612 1537 repetantur
625 1468 683 1519 tres
701 1477 804 1519 uersus
819 1457 901 1539 (nam
916 1459 968 1518 bed
982 1459 1013 1518 iu
1029 1458 1161 1519 LXVIII
1178 1459 1225 1518 bis
1243 1457 1285 1518 Ie'·

136 1566 246 1631 guntur
270 1575 317 1627 aa,
341 1575 387 1631 23,
410 1576 447 1628 24
472 1575 570 1616 nusus
594 1555 669 1635 (94),
693 1556 770 1636 (95),
794 1555 882 1638 (96),)
907 1559 995 1617 indus
1022 1568 1120 1618 autem
1140 1554 1197 1636 (s)
1216 1557 1284 1618 finis

137 1667 249 1732 quater,
264 1656 319 1728 hic,
334 1657 474 1717 LXVIII.
491 1677 537 1729 20,
554 1660 628 1732 (92),
649 1657 713 1718 CX.
729 1662 757 1730 6,
773 1669 802 1718 et
820 1660 878 1718 hoc
899 1660 992 1718 modo
1013 1657 1128 1734 longior
1147 1657 1285 1717 inieramr

137 1754 326 1830 parenthesis,
346 1756 513 1815 temeritatis
531 1755 756 1816 Lachmannum
776 1773 898 1834 arguere
918 1757 969 1815 uix
990 1773 1100 1814 uerear.
1143 1754 1183 1814 At
1203 1775 1283 1830 9-14

139 1863 188 1911 aut
208 1853 297 1930 spurii
318 1864 386 1912 sunt
400 1853 454 1932 (sic
473 1854 554 1912 enlm
574 1854 661 1912 docet
680 1853 846 1931 Gruppius)
859 1863 909 1912 aut
930 1871 968 1911 ex
988 1869 1044 1912 suo
1065 1852 1132 1911 loco
1153 1851 1211 1911 huc
1232 1871 1286 1930 per

138 1966 266 2010 errorem
293 1951 395 2022 tralati,
422 1969 497 2026 quae
524 1951 578 2010 luit
604 1952 705 2028 opinio
734 1951 909 2011 Rossbachii
937 1950 984 2009 Fr.
1007 1948 1113 2008 Haasii
1140 1949 1285 2009 Schwabii

138 2048 173 2106 n
188 2047 290 2108 Weisii
308 2048 429 2109 Bruneri
442 2048 613 2109 Bemhardii
626 2049 761 2110 Boehmii
775 2049 888 2110 Lehrsii
901 2047 1028 2119 FrankiI,
1049 2049 1174 2125 denique
1196 2050 1284 2107 etiam

139 2142 302 2205 Ribbeckii.
344 2145 506 2206 Audiamus
525 2145 699 2223 Gruppium.
742 2144 787 2224 (ι)
808 2147 878 2206 Non
899 2145 999 2205 debuit
1020 2144 1152 2205 Catullus
1171 2145 1202 2204 in
1223 2156 1284 2205 tam

137 2245 220 2304 breui
241 2246 369 2304 cannino
393 2255 453 2304 tam
477 2245 527 2305 dIu
549 2246 580 2304 in
603 2257 698 2305 morte
724 2248 831 2305 morari
855 2246 966 2316 fratris3
997 2247 1066 2304 satis
1091 2245 1128 2304 de
1151 2261 1188 2303 ea
1213 2245 1285 2304 dixit

137 2357 185 2400 uu.
202 2343 271 2415 5-8.
313 2341 359 2420 (a)
378 2341 457 2402 Male
476 2352 544 2419 post
564 2360 730 2402 sennonem
751 2343 789 2402 ad
808 2342 942 2402 Ortalum
961 2342 1070 2401 lactum
1089 2341 1179 2400 altera
1198 2341 1230 2399 fit
1246 2341 1286 2400 ad

136 2438 254 2498 fratrem
265 2439 431 2514 ἀποστροφή.
471 2438 517 2517 (3)
531 2439 593 2517 Ipsi
606 2457 708 2499 uersus
722 2457 801 2514 9-14
817 2457 873 2498 nec
886 2440 958 2497 boni
972 2449 1040 2498 sunt
1053 2456 1108 2496 nec
1123 2438 1284 2497 admodum

138 2553 252 2596 snaues.
295 2535 410 2608 Quibus
435 2536 598 2613 singillatim
623 2537 665 2596 sIc
687 2537 855 2612 respondeo
877 2533 923 2614 (ι)
946 2535 977 2594 Si
998 2545 1111 2612 praeter
1133 2538 1192 2609 5-8
1213 2534 1285 2594 nihil

137 2633 208 2692 dixit
229 2632 360 2693 Catullus
380 2633 418 2693 de
437 2634 532 2705 fratre,
554 2633 736 2692 festinantius
757 2633 867 2692 transiit
892 2633 930 2692 ad
950 2633 1041 2692 uerba
1061 2631 1121 2691 Sed
1140 2638 1230 2692 tomen
1254 2636 1286 2691 ἐκ

136 2732 223 2788 mani
240 2730 419 2790 moerorrlue
460 2730 519 2788 vix
538 2731 617 2790 enim
636 2730 706 2790 satIs
724 2741 791 2806 apte
810 2731 883 2790 tanti
901 2747 1050 2789 maerores
1069 2740 1192 2806 quatuor
1212 2745 1284 2788 con³

135 2827 291 2887 cluduntur
300 2829 440 2898 uersibus,
455 2828 558 2887 melius
571 2837 673 2887 contra
686 2828 806 2887 decem:
825 2824 869 2905 (a)
884 2827 975 2900 Quod
990 2828 1028 2887 ad
1043 2828 1177 2888 Ortalum
1190 2828 1285 2903 loqui-

135 2935 191 2996 tur,
214 2925 283 2985 dein
307 2925 432 2996 fratrem,
454 2927 532 2985 idem
557 2925 625 2985 lecit
649 2926 678 2983 In
703 2943 728 2985 c.
744 2924 830 2996 VIII,
853 2926 936 2984 cuius
960 2926 991 2984 In
1016 2928 1073 2983 1-8
1096 2924 1227 2984 Camllus
1252 2943 1285 2983 se

137 3022 244 3098 ipsum,
262 3034 367 3099 postea
385 3023 415 3080 In
433 3025 530 3081 12-18
550 3022 696 3094 Lesbiam,
716 3023 746 3080 In
767 3041 802 3097 19
825 3041 858 3082 se
879 3023 975 3098 ipsum
996 3023 1100 3081 iterum
1121 3022 1284 3099 conpellat;

137 3119 182 3200 (3)
205 3120 317 3181 Versus
340 3141 403 3182 non
425 3134 486 3182 tam
510 3141 529 3181 a
550 3121 718 3182 CamillianIs
743 3123 850 3182 distant
873 3131 905 3181 ut
932 3123 1005 3181 alios
1029 3124 1089 3181 iure
1113 3122 1284 3182 habeantur.

136 3217 226 3278 Mitto
240 3239 269 3293 9,
282 3218 432 3294 Alloquor,
451 3219 565 3276 audiero
585 3237 726 3294 monquom
747 3223 796 3275 tuo
906 3218 1062 3293 loquentem,
1078 3218 1128 3293 qui
1149 3236 1167 3275 a
1187 3216 1286 3275 multis

135 3315 288 3375 codicibus
299 3317 381 3375 abest
385 3334 393 3388 3
409 3333 536 3392 sequens
546 3315 736 3391 comparatio,
746 3315 799 3374 etsi
811 3315 926 3391 longius
938 3315 1035 3391 petita,
1045 3315 1144 3374 similis
1155 3324 1199 3372 est
1210 3311 1285 3372 illius

135 3411 257 3488 quaein
271 3411 328 3471 fine
343 3431 368 3472 e.
383 3412 414 3470 II
429 3422 485 3472 stat
501 3409 572 3470 Tam
586 3417 706 3489 gratum
719 3419 760 3470 est
776 3413 849 3472 melei
861 3429 944 3488 quom
951 3412 1061 3489 saun!
1071 3411 1180 3486 puellae
1198 3399 1284 3481 κ.τ.λ.’,

135 3529 192 3570 nee
206 3529 225 3570 a
238 3529 320 3570 more
334 3511 428 3570 aliena
441 3511 707 3570 Alexandrinorum
721 3529 756 3570 ae
771 3511 884 3570 Catulli
927 3511 992 3570 Nee
1006 3525 1078 3568 uero
1092 3509 1130 3567 ab
1144 3508 1202 3567 alio
1215 3508 1283 3568 loeo

135 3609 166 3667 in
180 3608 266 3668 LXV
279 3609 376 3668 iudico
389 3609 516 3668 tralatos.
559 3609 605 3668 Fr.
621 3608 750 3668 Haasius
768 3620 837 3684 post
856 3607 906 3668 CI.
922 3612 950 3680 6,
970 3617 1039 3684 post
1053 3605 1104 3665 CI.
1120 3625 1137 3678 4
1153 3607 1189 3664 A.
1204 3605 1284 3663 Wei-

134 3708 195 3766 sius
210 3705 351 3766 collocat:
373 3706 520 3766 Brunerus
539 3724 593 3783 pro
612 3706 778 3782 fragmento
799 3723 851 3766 eos
872 3706 961 3765 habet
982 3703 1119 3764 carminiS
1133 3704 1170 3761 de
1184 3701 1284 3762 Morte

133 3803 242 3863 Fratris
255 3804 337 3862 cuius
351 3814 448 3863 cetera
461 3805 605 3880 perierint.
646 3803 792 3880 Equidem
809 3804 901 3864 nolim
919 3803 997 3862 aliud
1012 3819 1131 3861 cannen
1148 3810 1285 3877 patarea

133 3899 250 3961 Catullo
272 3901 413 3977 scriptum
433 3903 470 3960 de
491 3919 527 3960 ea
546 3919 578 3960 re
599 3919 688 3978 quam
710 3920 801 3961 unam
820 3903 850 3960 in
869 3901 911 3960 CI
930 3900 1073 3970 tractauit,
1087 3897 1201 3957 induxit
1215 3915 1283 3957 cum

133 3999 237 4058 oeteris
258 3999 288 4057 in
308 4017 334 4058 c.
349 3997 490 4057 LXVIII.
533 3998 592 4058 Sed
612 4017 666 4058 nec
685 3999 716 4058 In
735 3998 777 4058 CI
792 3999 944 4077 quadrant.
987 3995 1066 4056 Nam
1080 4006 1283 4074 praeterquam

132 4096 215 4173 quod
237 4096 326 4156 tutius
350 4097 482 4155 duxerim
506 4105 550 4156 tot
574 4113 675 4156 uersus
697 4113 716 4155 a
736 4096 804 4156 loco
829 4114 891 4155 non
912 4112 1034 4154 mouere
1058 4093 1129 4153 satis
1148 4103 1219 4170 apto
1243 4091 1283 4151 ad

132 4192 221 4252 alium
247 4201 296 4251 aut
320 4194 417 4252 minus
440 4202 489 4252 aut
512 4211 575 4252 non
597 4194 692 4270 magis
715 4193 950 4262 conuenientem,
970 4191 1013 4250 CI
1033 4210 1086 4267 per
1108 4209 1140 4251 se
1162 4191 1282 4267 plenum

130 4301 220 4367 atque
234 4289 401 4350 absolutum
415 4299 467 4350 est.
510 4291 601 4363 Quod
621 4310 698 4362 cum,
713 4301 745 4350 ut
763 4292 823 4349 iam
842 4289 982 4348 intellexit
997 4289 1154 4365 Gruppius,
1170 4286 1282 4347 tumulo

132 4391 257 4466 Insculpi
281 4391 414 4466 potuerit,
436 4390 559 4468 simplex
586 4401 615 4450 et
638 4401 682 4452 est
706 4401 735 4450 et
760 4392 847 4450 debet
871 4408 945 4451 esse.
998 4387 1103 4448 Nullus
1127 4388 1174 4448 hic
1198 4389 1282 4447 locus

654 4529 763 4576 mma
