3074 5066
526 291 755 352 CARMINVM
784 295 973 356 CATVLLI.
1267 303 1325 358 257

218 467 505 549 171-187(17uu)
534 473 654 534 Vtinam
673 495 824 554 nunquam
842 479 873 536 in
892 477 1011 538 Cretam
1030 478 1166 540 Theseus
1186 480 1325 540 uenisset.

171 557 253 619 Nam
268 581 329 640 quo
344 585 391 626 me
406 568 549 630 reseram?
571 575 671 633 omnia
684 576 761 634 circa
775 576 889 634 deserta
904 585 979 634 sunt.

217 661 356 722 188-201
374 664 426 744 (14
442 666 504 747 uu.)
537 670 595 730 Sed
619 673 770 747 poscenda
797 683 842 754 est
869 674 948 732 ultio.
1001 674 1142 749 Inprecor
1167 675 1268 734 Furias
1292 686 1325 736 ut

170 757 252 831 quali
266 776 315 817 me
328 773 427 822 mente
441 765 576 826 Theseus
590 768 763 841 funestabat,
778 770 883 828 eadem
897 772 960 847 ipse
974 770 1141 830 funestetur.

213 853 318 932 Itaque
332 877 453 919 carmen
467 863 496 920 in
508 883 525 935 4
537 875 634 940 partes
648 868 786 926 scinditur
799 877 827 925 et
837 867 974 943 Epodon.
1009 867 1124 927 Priores
1138 868 1213 928 duae
1227 879 1323 928 utrae-

170 967 231 1024 que
244 955 432 1016 undenorum
450 971 517 1020 sunt
533 980 670 1022 uersuum
679 983 687 1035 ;
709 965 884 1039 posteriores
899 965 1155 1042 septendenorum.
1197 966 1322 1042 Epodos

170 1051 394 1124 quatuordecim
413 1055 508 1128 habet,
528 1078 617 1136 quem
636 1061 763 1120 eundem
782 1080 936 1122 numerum
956 1063 985 1120 in
1005 1064 1137 1140 sequenti
1156 1073 1237 1140 parte
1259 1083 1322 1123 car-

170 1147 261 1206 minis
282 1148 449 1231 (eoa-264)
470 1159 569 1231 posuit
590 1158 730 1230 Catullus,
753 1169 785 1217 ut
808 1161 931 1236 Epodos
956 1161 985 1218 in
1011 1161 1069 1218 fine
1093 1161 1321 1236 respondentem

170 1243 294 1306 haberet
308 1249 337 1307 in
352 1251 410 1310 fine
424 1253 553 1328 Epodon
570 1253 746 1335 (²51·²⁶4)·
789 1257 879 1316 Hunc
900 1275 1054 1316 numerum
1075 1258 1208 1317 consulto
1228 1261 1321 1334 potuit

170 1343 327 1405 adhrbere:
350 1351 569 1424 quatuordecim
583 1353 662 1411 enirn
676 1355 876 1414 adulescentes
896 1356 1081 1432 uirginesque
1102 1373 1184 1415 nono
1201 1375 1332 1433 quoque·

169 1461 252 1503 anno
274 1445 468 1508 Athenienses
491 1449 609 1509 Cretam
633 1455 793 1512 mittebant.
836 1453 980 1524 Plutarch.
1001 1454 1091 1513 Thes.
1106 1453 1164 1511 XV
1185 1454 1320 1528 Ἑπικηρυ-

169 1545 324 1614 κευσείρενοι
345 1548 386 1601 καί
405 1548 538 1617 amoime
557 1551 712 1621 ἐποιήσαντο
733 1552 870 1623 συνθήκας,
892 1554 961 1607 ὥστε
981 1555 1092 1623 πέμπειν
1112 1549 1147 1607 δι’
1164 1552 1234 1606 ίννέα
1254 1553 1320 1607 ε’τῶν

168 1640 281 1712 δασμὸν,
297 1641 396 1712 itatem
416 1647 482 1700 ε’πςὰ
502 1649 545 1702 καί
563 1649 705 1720 παρθένους
724 1647 862 1720 suasuros,
882 1652 1059 1723 ὁμολογοῦσιν
1079 1651 1105 1704 ol
1125 1652 1248 1704 πλεῖστος
1267 1655 1320 1705 τῶν

169 1738 350 1810 pompedius.
393 1740 490 1800 Etiam
512 1742 582 1802 illud
604 1743 725 1804 sortasse
748 1745 895 1804 affectauit
915 1755 947 1804 ut
967 1747 1076 1820 γίρονον
1096 1746 1158 1804 siue
1179 1744 1318 1804 choream

169 1849 261 1907 quam
285 1852 304 1892 a
325 1836 415 1897 Creta
438 1857 587 1916 regressus
609 1841 743 1901 Theseus
769 1843 872 1902 dicitur
896 1843 1062 1911 instituisse,
1088 1842 1318 1918 perplexioribus

168 1934 300 1992 numeris
327 1925 512 2011 stropharum
540 1940 785 2017 antistropborum
812 1940 985 2016 Epodonrm
1017 1940 1182 1999 imitaretur.
1225 1939 1316 1999 Thes.

167 2027 244 2086 XXI
265 2035 311 2087 Ἐς
329 2033 357 2088 δὲ
375 2037 422 2104 τῆς
440 2036 540 2107 Κρήτης
557 2038 695 2095 ἀποπλέων
709 2040 745 2095 είς
759 2041 846 2108 Δῆλον
859 2041 971 2110 κάτασχε
990 2041 1031 2094 καί
1048 2041 1086 2114 τῷ
1104 2040 1156 2113 θεῷ
1173 2037 1256 2095 θύσας
1276 2041 1318 2094 καί

166 2127 270 2187 ἀναθείς
288 2133 319 2184 τὸ
337 2132 495 2204 ἀφροδίσιον
509 2134 523 2189 θ
536 2137 605 2207 παρὰ
622 2139 667 2205 τῆς
679 2136 814 2208 'spretum
826 2135 930 2206 ίλαβεν,
944 2137 1068 2208 ἐχόρευσε
1082 2139 1211 2204 μετὰτῶν
1225 2134 1317 2206 ὴίθίων

165 2229 275 2298 χορείαν
292 2227 323 2298 ἣν
340 2231 378 2284 {rr
396 2234 443 2285 νῦν
460 2233 587 2288 ἐπιτελεῖν
606 2234 717 2302 Δηλίους
733 2233 853 2306 λέγουσι,
867 2234 967 2304 μίμημα
987 2239 1039 2288 τῶν
1059 2233 1087 2287 ίν
1107 2236 1144 2308 τῷ
1164 2233 1317 2308 Λαβυρίνθῳ

166 2325 296 2396 περιόδων
315 2327 358 2380 καί
377 2328 500 2400 διεξόδων
519 2331 547 2386 ίν
567 2332 617 2385 τινί
635 2330 726 2404 ῥυθμῷ
745 2330 899 2401 περιελίξας
917 2331 958 2384 καί
977 2327 1104 2396 ἆνελίξεις
1121 2331 1209 2400 ίχοντς
1226 2350 1316 2402 γιγνο-

165 2421 255 2490 μένην·
276 2426 390 2479 καλεῖται
403 2426 433 2480 di
446 2429 477 2481 τὸ
490 2428 565 2500 γένος
579 2430 657 2481 τοῦτο
671 2429 716 2495 τῆς
734 2426 838 2498 χορείας
856 2426 907 2482 ὕπὸ
921 2426 1025 2496 Δηλίων
1037 2427 1145 2498 γέρανος
1163 2425 1198 2482 ὣς
1217 2427 1318 2498 ίσεορεῖ

167 2521 332 2592 Δικαίαρχος.
372 2522 515 2597 Ἐχόρευσε
536 2525 566 2580 δὲ
585 2527 626 2580 καί
646 2525 706 2597 περὶ
725 2525 771 2579 τὸν
792 2528 920 2596 κερατῶνα
940 2527 1030 2593 βῶρον
1049 2525 1076 2578 ἐκ
1095 2523 1207 2595 κεράτων
1221 2544 1316 2595 συνηρ-

165 2619 299 2690 μοσμένον
312 2619 446 2690 εὐωνύμων
459 2620 583 2678 ἁπάντων.
628 2619 740 2680 Marius
753 2620 922 2680 Victorinus
939 2635 1026 2694 2501,
1044 2639 1059 2678 a
1075 2618 1107 2676 P.
1149 2619 1214 2678 Hoc
1225 2637 1316 2696 genus

166 2716 197 2770 r'n
215 2717 307 2773 sacres
326 2717 476 2774 contilmae
483 2719 593 2794 serunt
608 2719 719 2794 qurilam
738 2720 888 2776 r'nstr'tur'sse
904 2715 1035 2775 Thesmm
1053 2718 1106 2792 qui
1121 2719 1204 2774 occsio
1217 2716 1315 2775 Meiro-

165 2818 323 2870 lauronem
336 2815 414 2889 apud
423 2814 524 2872 Delum
543 2817 659 2874 solueret
675 2823 737 2874 uota
756 2817 880 2874 rmriatus
899 2816 1030 2872 clitorium
1048 2821 1074 2871 et
1081 2813 1245 2891 flexuosum
1263 2817 1315 2872 iter

165 2899 344 2988 labyrinthi
360 2933 421 2972 cum
439 2917 538 2989 puerei
561 2915 769 2991 uirgim'busqw
792 2917 937 2990 cumquei
961 2920 1085 2972 suaseras
1106 2920 1202 2972 cannes
1226 2913 1318 2972 edebat

158 3013 255 3085 primo
274 3013 304 3067 r'n
322 3013 449 3082 α’νιυςίν,
464 3012 558 3070 dehinc
577 3015 606 3070 in
626 3031 750 3084 recursu,
766 3014 793 3070 .z'.
809 3015 915 3084 στροφῇ
929 3017 956 3068 et
969 3010 1148 3085 anhstropho.
1191 3009 1269 3069 Nam
1289 3013 1312 3071 si

164 3111 256 3181 σχῆμα
271 3108 340 3167 illud
358 3127 390 3166 rr
411 3127 444 3167 11
466 3123 500 3182 17
520 3123 554 3184 17
564 3121 590 3175 4-
601 3129 637 3181 14
653 3111 756 3168 iterum
770 3109 983 3179 resoluerimus‚
998 3109 1162 3167 uidebimus
1177 3108 1312 3184 strophas

164 3205 353 3282 antistroplris
374 3207 415 3265 ita
439 3207 615 3282 respondere
638 3218 670 3266 ut
691 3207 775 3284 qussi
795 3207 888 3265 circos
909 3207 1055 3282 quosdam
1077 3205 1220 3281 orbesque
1242 3222 1313 3263 con-

515 3309 617 3378 οβγ
742 3310 844 3376 «βυ
969 3306 1071 3377 aar
1206 3307 1309 3374 νβσ

164 3383 281 3442 ficiant:
316 3381 615 3458 Nams=4.3.4
652 3385 843 3460 13:6.3.a
881 3385 1073 3456 1¹=4.6.‚7
1114 3384 1311 3456 A=6.7.4

163 3481 287 3557 Epodos
306 3504 339 3533 =
357 3500 375 3552 4
392 3500 429 3556 33
446 3501 473 3553 4,
488 3501 577 3559 quarn
597 3483 781 3558 partitionem
802 3499 863 3539 non
877 3480 1024 3539 Catullum
1046 3479 1148 3550 solum,
1165 3480 1218 3538 sed
1239 3479 1312 3537 alios

163 3580 252 3637 etiarn
274 3595 344 3654 prae
365 3580 467 3638 ceteris
489 3597 604 3639 amasse
627 3597 697 3638 mox
722 3579 893 3638 uidebimus.
937 3577 1017 3636 Turn
1038 3577 1118 3654 quod
1140 3579 1170 3634 in
1192 3577 1312 3653 stropha

163 3678 289 3752 ponitur,
312 3678 342 3736 id
366 3686 415 3736 aut
439 3679 555 3736 iteratur
579 3679 609 3736 in
634 3677 824 3753 antistropho,
849 3686 898 3734 aut
922 3676 948 3734 ei
974 3675 1149 3734 contrarium
1175 3673 1310 3732 infertur:

162 3792 232 3832 nam
257 3775 288 3832 in
310 3785 332 3830 s
356 3775 424 3835 dicit
447 3775 578 3835 Ariadna
602 3775 792 3834 crudeliorem
817 3773 906 3833 fuisse
931 3772 1049 3831 Thesea
1073 3788 1162 3848 quarn
1187 3780 1218 3828 ut
1242 3787 1310 3829 eum

161 3874 362 3932 miseresceret
380 3872 440 3944 sui;
462 3874 493 3931 in
511 3883 532 3928 B
551 3891 582 3931 se
602 3890 639 3930 ne
659 3870 834 3931 crudelitatis
853 3870 973 3947 quidem
986 3868 1095 3943 fugisse
1109 3865 1309 3942 obprobrium,

161 3969 232 4028 dum
255 3969 347 4028 modo
369 3987 387 4027 a
409 3979 503 4028 morte
527 3981 653 4028 seruaret
675 3968 799 4028 Thesea.
843 3968 956 4026 Rursus
977 3966 1008 4023 in
1028 3975 1065 4020 ru
1084 3963 1120 4022 de
1143 3961 1310 4022 crudelitate

161 4068 271 4127 Thesei
292 4085 389 4126 sermo
407 4077 460 4138 est,
475 4068 602 4145 itemque
622 4069 653 4126 in
667 4081 723 4140 αγ;
745 4067 776 4124 111
790 4077 827 4140 ry
842 4066 878 4124 de
897 4064 1060 4133 solitudine,
1075 4063 1202 4137 itemque
1216 4061 1246 4118 in
1260 4072 1308 4121 Δα.

160 4163 247 4238 Quae
261 4164 380 4241 quidem
399 4183 445 4224 res
463 4182 525 4223 non
543 4165 639 4225 solum
655 4165 685 4222 in
700 4175 741 4220 rh
755 4165 886 4223 ultimam
900 4163 1041 4237 περικοπὴν
1056 4169 1143 4231 tenet,
1155 4159 1207 4219 sed
1220 4160 1308 4220 etiam

160 4264 190 4321 in
205 4275 237 4330 Α,
250 4273 277 4330 Β,
292 4263 409 4338 Epodo.
453 4262 666 4340 Compareutur
679 4263 753 4321 inter
766 4279 797 4320 se
811 4279 913 4322 uersus

706 4381 752 4444 11
