3118 5054
241 406 297 464 xlvi
636 405 998 467 PROLEGOMENA.

243 588 351 646 malula
365 588 434 648 fletu
537 588 673 648 Cessaret
782 589 910 648 Leuibus
968 589 1168 666 ·implorata
1269 590 1394 648 manlius

245 688 382 746 auxilium
465 685 693 748 Prothesilaeam
786 688 934 747 laodomia
986 673 1173 747 ¹ramnusia
1255 687 1330 761 Quis
1351 699 1393 746 te-

243 767 324 846 mere
413 787 500 847 ieuna
591 788 728 847 deficeret
823 805 934 847 nouum
1031 787 1101 847 Non
1115 799 1177 847 tum
1192 788 1295 847 helene
1309 798 1394 863 raptu

244 885 386 960 primores
400 887 571 944 achiuorum
674 903 782 962 europe
797 887 915 962 asieque
1018 885 1086 957 Que
1100 897 1179 945 uetat
1192 887 1222 944 id
1325 885 1393 957 Que

244 1003 323 1043 nunc
338 995 397 1043 tarn
501 985 586 1044 simul
599 986 728 1061 undique
830 983 922 1056 Quod
936 985 986 1043 tibi
1001 995 1063 1044 tum
1077 1003 1147 1044 casu
1257 985 1394 1060 cylenum

244 1084 303 1142 cesi
317 1093 457 1142 tereretur
538 1083 598 1155 Qui
613 1084 712 1142 diuum
727 1083 870 1142 domitum
963 1103 1059 1161 neque
1074 1095 1159 1143 tonsa
1173 1103 1272 1142 carum
1363 1095 1393 1142 et

243 1199 319 1240 cano
333 1183 487 1248 uoltarium
544 1191 575 1240 tu
590 1181 695 1240 horum
757 1181 866 1240 etlauo
928 1180 996 1253 Qua
1011 1183 1241 1242 circumcursans
1255 1182 1311 1240 huc
1326 1183 1393 1242 illuc

243 1280 414 1355 flagrantem
429 1281 610 1357 quottidiana
671 1280 768 1356 Atque
783 1299 837 1339 nec
853 1280 927 1338 diuis
942 1279 1076 1339 homines
1090 1299 1269 1357 componere
1283 1299 1393 1358 equum

243 1389 288 1436 est
370 1379 471 1437 dextra
552 1377 741 1452 Fragrantem
822 1379 851 1436 id
866 1377 950 1436 datur
964 1380 1030 1437 unis
1045 1378 1144 1452 Quem
1159 1380 1253 1454 lapide
1267 1379 1315 1437 illa
1329 1380 1392 1438 dies

243 1477 411 1537 candidiore
427 1486 508 1534 notat
616 1477 681 1551 ipsa
701 1478 731 1534 in
752 1493 811 1554 qua
916 1495 974 1554 que
994 1477 1062 1536 uiua
1172 1477 1274 1536 Nescit
1292 1495 1391 1536 amare

243 1573 404 1633 labefactos
503 1592 557 1650 pro
571 1573 690 1633 luciduli
790 1575 848 1650 que¹
862 1575 913 1632 tibi
927 1574 1016 1633 sertur
1117 1573 1148 1633 Si
1163 1576 1299 1652 qua'uiro
1315 1575 1392 1632 bello

243 1676 370 1750 aliquam
385 1674 489 1733 merito
571 1683 651 1732 secet
746 1673 841 1732 Multo
856 1672 895 1732 ita'
910 1693 958 1733 me
973 1675 1011 1732 dii
1026 1685 1125 1732 ament
1226 1673 1301 1745 Quis
1315 1675 1392 1750 potis

243 1785 288 1832 est
388 1785 482 1832 amate
497 1773 600 1832 iniuria
695 1773 851 1849 quicquam
866 1774 941 1832 bene
956 1773 1030 1832 uelle
1044 1773 1147 1832 mereri
1243 1773 1392 1849 beningne

242 1872 309 1931 Irno
324 1872 411 1930 etiam
426 1871 504 1931 tedet
519 1883 631 1948 stetque
647 1872 799 1948 magisque
814 1873 909 1947 magis
965 1873 1091 1930 amicum
1107 1873 1164 1931 hab
1176 1871 1240 1949 (sic)
1293 1871 1391 1931 Lelius

242 1971 374 2046 obiurgia
388 1970 457 2028 flere
505 1970 621 2046 despuit
662 1969 709 2027 Vc
723 1979 738 2026 e
752 1980 814 2028 mes
864 1970 939 2029 uelle
953 1974 1054 2048 qrarq3
1069 1982 1111 2029 tot
1125 1971 1175 2028 tibi
1226 1981 1346 2029 manent
1360 1971 1391 2028 in

241 2071 301 2128 iam
314 2081 343 2129 te
358 2089 409 2128 cur
499 2069 580 2140 Quin
595 2080 626 2127 tu
640 2070 738 2126 animo
753 2069 878 2127 affirmas
892 2080 979 2145 atque
994 2069 1148 2146 istictoque
1248 2069 1307 2128 Seu
1321 2067 1392 2126 mihi

242 2171 403 2244 subrepens
424 2169 499 2226 imos
520 2179 551 2226 ut
572 2185 695 2243 corpore
716 2169 747 2225 in
769 2178 847 2226 artus
992 2189 1007 2227 z
1028 2179 1122 2228 toturn
1143 2169 1221 2228 hune
1242 2170 1390 2244 deponere

242 2267 371 2342 Surrepti
386 2268 426 2324 mi
503 2266 546 2323 llli
561 2266 668 2324 misero
735 2266 888 2342 Arripuisti
951 2267 1018 2325 vite
1033 2268 1090 2327 heu
1105 2268 1183 2326 henu
1197 2280 1274 2326 ostre
1289 2277 1391 2344 pectus

241 2367 372 2425 amicicie
495 2367 560 2441 quis
575 2367 614 2423 sis
629 2377 657 2423 te
672 2364 854 2442 famulosque
868 2377 935 2426 tuos
1051 2366 1122 2443 quid
1136 2385 1287 2444 nunquam
1300 2367 1392 2426 lesbia

241 2465 321 2522 malit
404 2473 538 2522 natorum
621 2482 689 2522 cum
704 2466 765 2523 exis
780 2475 809 2522 et
889 2475 969 2524 tenta
1050 2464 1103 2523 lllc
1118 2477 1146 2524 te
1161 2465 1256 2524 mulso
1339 2483 1391 2524 seu

241 2563 321 2638 quod
335 2561 429 2621 carius
530 2563 655 2621 comoda
757 2564 915 2622 commoda
1024 2563 1144 2623 insidias
1158 2565 1253 2623 acrius
1272 2563 1390 2622 insidias

240 2662 266 2719 ei
281 2673 325 2720 est
408 2660 534 2720 aufertur
616 2662 721 2720 arctius
804 2663 900 2721 ionios
915 2681 979 2721 esse
994 2664 1046 2722 sed
1062 2663 1156 2722 ionios
1238 2673 1325 2742 eapte
1345 2680 1391 2721 re·

240 2771 322 2836 perta
425 2759 539 2819 Proruit
641 2761 711 2836 quid
727 2779 787 2819 non
803 2761 870 2820 sinit
972 2761 1010 2820 Et
1025 2761 1096 2839 quid
1198 2760 1311 2820 desinat
1325 2779 1390 2820 esse

239 2871 332 2920 mater
414 2861 449 2918 sit
463 2879 561 2920 macer
643 2859 788 2919 Nascatur
869 2879 969 2938 magn,
1050 2861 1128 2920 Nam
1142 2855 1230 2937 magi
1309 2861 1389 2920 Con·

239 2969 405 3035 stanterque
420 2968 552 3036 putarem
568 2957 659 3016 Haud
674 2977 761 3034 posse
777 2959 852 3035 turpi
963 2978 1012 3018 me
1028 2957 1218 3037 (dispeream)
1233 2959 1286 3018 nisi
1301 2969 1388 3017 amat.

241 3057 311 3129 Quo
325 3057 506 3133 signo-nisi
521 3075 588 3114 amo
603 3075 653 3115 om.
758 3057 918 3116 nImmium
940 3060 1044 3118 studeo
1062 3059 1113 3116 tibi
1133 3075 1214 3116 cesar
1233 3058 1308 3116 uelle
1327 3057 1389 3133 pla-

240 3177 306 3217 cere
321 3157 367 3216 Ne
382 3159 405 3215 si
420 3167 470 3216 ore
484 3167 581 3216 utrum
596 3158 635 3215 sis
649 3157 747 3215 saluus
762 3175 801 3215 an
815 3157 886 3216 alter
900 3158 991 3216 homo
1109 3157 1234 3236 Smyrna
1336 3160 1390 3220 Sa-

239 3256 330 3316 trachi
345 3269 445 3332 portus
570 3255 725 3331 Smyrnam
739 3256 769 3313 in
784 3273 858 3315 cana
980 3255 1124 3333 peruoluit
1238 3259 1390 3318 morientis

241 3356 297 3414 sint
312 3356 392 3414 cordi
407 3366 598 3413 monumenta
612 3353 719 3412 laboris
788 3354 956 3414 enthimaco
1029 3355 1121 3414 dolori
1136 3365 1180 3414 est
1233 3355 1390 3418 ·Mundius

239 3453 297 3514 hoc
311 3453 381 3511 nihil
395 3464 410 3510 e
425 3454 569 3529 nobisque
584 3453 762 3511 immundius
776 3452 846 3511 illud
976 3453 1053 3512 ehic
1069 3454 1164 3512 dentis
1179 3456 1389 3533 sesquipedalis

239 3551 381 3627 ploxomo
463 3551 621 3626 mingentis
697 3551 825 3610 camilici
908 3550 945 3608 In
960 3561 988 3609 te
1003 3551 1027 3610 si
1041 3552 1160 3627 inquam
1175 3553 1246 3629 quid
1320 3556 1389 3614 uicti

240 3649 301 3707 lsta
315 3656 346 3706 tn
361 3650 460 3725 lingua
556 3649 683 3724 trepidas
779 3649 944 3726 carpatinas
1040 3649 1147 3710 efficias
1242 3654 1390 3713 ambrosia

240 3747 351 3806 Verum
366 3749 396 3807 id
410 3765 471 3807 non
553 3757 653 3806 nostre
668 3747 785 3806 demere
861 3748 992 3807 Abstersi
1008 3750 1097 3823 guttis
1179 3754 1388 3811 ueronensium

240 3846 377 3922 depereat
487 3845 575 3906 Nunc
589 3857 687 3906 tamen
703 3847 812 3905 interea
825 3846 922 3923 prisco
938 3848 974 3906 de
989 3865 1072 3905 more
1182 3849 1254 3907 tristi
1269 3869 1389 3910 munere

238 3945 328 4003 redde
349 3943 418 4003 mihi
440 3945 543 4004 decern
679 3955 724 4004 est
744 3946 811 4024 quis
947 3946 1028 4004 mimi
1163 3965 1232 4006 curn
1254 3967 1389 4024 caupone

240 4043 341 4119 pipleri
356 4045 513 4103 ascendere
595 4043 712 4102 surciliis
802 4045 899 4104 obello
991 4040 1025 4102 sl
1040 4045 1198 4120 quicquam
1281 4049 1389 4124 cupido

240 4145 411 4221 optantique
425 4155 454 4202 et
468 4143 571 4219 obtigit
584 4142 648 4221 unq
742 4145 836 4220 magis
850 4153 866 4201 e
881 4161 928 4202 me
1032 4137 1086 4203 ilc
1100 4143 1254 4204 hominum
1269 4148 1388 4206 arbitrio

241 4243 373 4318 populari
464 4253 562 4300 exerta
651 4241 783 4300 Alterum
797 4241 854 4300 hoc
942 4240 1075 4300 Aufilene
1090 4243 1167 4301 bone
1250 4245 1389 4304 innimica

239 4341 384 4418 promissa
480 4351 541 4400 tota
639 4351 777 4400 contenta
790 4351 806 4398 o
820 4342 918 4400 uiuere
1019 4341 1112 4400 lause
1215 4343 1329 4402 edicere
1350 4363 1388 4402 ex

240 4451 344 4515 patruo
449 4439 560 4500 Multus
573 4440 666 4500 horno
680 4449 695 4498 e
710 4458 783 4499 naso
798 4458 893 4516 neque
909 4449 974 4498 tecti
990 4440 1085 4500 ml'tus
1099 4439 1145 4499 ho·
1161 4442 1214 4500 sed
1228 4442 1388 4504 Descendit
