3136 5060
253 423 312 482 814
716 417 930 480 EXCVRSVS

251 603 368 682 saepius
388 603 536 676 bibebant,
556 601 594 666 ci.
608 600 711 682 Copae
731 621 833 666 uersus
852 605 912 678 5-8
933 599 1027 661 Ebn'a
1039 599 1159 679 sonora
1179 597 1269 658 saluar
1286 597 1399 655 hecha

251 701 365 760 todem
384 707 467 762 nal.
519 701 626 780 Neque
646 703 804 780 soopiones
824 719 946 762 ursarum
967 717 1138 778 quanquam
1157 699 1193 756 iis
1213 697 1308 755 iacies
1328 695 1399 755 dor·

251 799 368 859 mlentis
389 800 471 877 pingi
491 800 683 878 potuitsatis
703 797 966 876 mugnanelclaru
985 815 1032 858 res
1051 795 1208 858 utCatulli
1227 795 1333 854 ussous
1352 794 1400 852 in-

250 898 399 958 seruirent
455 898 535 960 Hinc
571 898 822 977 scorpionibus
856 897 1014 974 legendum
1041 912 1159 956 censeo.
1214 892 1399 969 Sourpionn

250 996 329 1056 euim
351 997 542 1058 moechorum
569 999 687 1060 sedibus
708 997 856 1060 subiectos
879 995 967 1056 luisse
994 995 1082 1056 docet
1105 994 1189 1054 Plato
1209 992 1345 1054 comicus
1366 993 1398 1052 in

250 1093 372 1155 Phaone
385 1095 418 1156 sr.
433 1097 457 1158 L
476 1115 510 1158 ar
529 1096 633 1170 (Mein.
647 1097 688 1158 11.
703 1099 776 1172 673)

473 1253 572 1328 Tplyhrp
585 1253 608 1308 8
621 1254 668 1308 urie
680 1251 765 1310 δθίλιι
778 1250 876 1326 ηὗρον
888 1249 1023 1324 ι’ῐιὴραης
1035 1245 1107 1308 εἶναι.

475 1353 609 1424 narum
621 1351 771 1424 orosa·
783 1351 835 1426 se
848 1352 901 1424 ov
913 1351 955 1406 ut
967 1347 1086 1420 num
1098 1351 1177 1420 rma

473 1449 598 1522 ineptior
610 1445 684 1504 αὖ-

608 1555 636 1604 n.
657 1545 761 1602 κώεά
772 1570 803 1621 ’μ
816 1551 867 1603 uod
878 1549 925 1604 ede
937 1547 1056 1620 spaurde
1068 1546 1196 1602 ὕπλθὸν.

292 1711 342 1772 Sic
355 1711 433 1770 enirn
447 1721 515 1788 post
527 1709 697 1771 Elmsleium
710 1711 840 1770 scnhunt
848 1709 1018 1770 Dindorfius
1028 1720 1059 1769 et
1067 1708 1240 1770 Meinekius.
1265 1706 1399 1768 Codices

251 1811 363 1871 habent
375 1809 486 1868 uariam
499 1807 654 1868 lectionem
667 1807 779 1866 raico!
789 1832 821 1884 γ
839 1827 895 1868 nec
916 1809 1080 1868 orationem
1099 1817 1166 1885 post
1185 1807 1219 1864 ad
1238 1808 1398 1866 interrum-

250 1919 333 1988 punt.
360 1907 510 1968 Iacobsius
524 1907 600 1966 coni.
611 1905 707 1964 nico
718 1929 751 1963 σε
763 1911 844 1964 πόνου
854 1906 936 1984 quod
947 1924 1018 1966 sane
1028 1924 1065 1966 eo
1079 1907 1304 1966 commendatur
1314 1905 1398 1983 quod

252 2007 409 2068 continuus
430 2005 461 2064 fit
481 2004 656 2064 hexameter.
697 2003 777 2064 Nam
797 2023 834 2064 ex
853 2004 986 2066 uersibus
1003 2023 1038 2062 ar
1054 2005 1181 2064 Phaonis
1202 2004 1250 2064 hic
1272 2004 1399 2064 seruatis

251 2105 341 2164 iambi
357 2118 372 2180 7
389 2103 518 2164 Platonis
535 2113 611 2174 sunt,
625 2103 713 2163 ceteri
733 2103 894 2163 hexametri
913 2103 975 2163 siue
996 2121 1016 2161 a
1032 2103 1195 2163 Philoxeno
1213 2103 1312 2180 scripti
1334 2103 1399 2162 siue

252 2203 408 2264 aPlatone
429 2201 468 2261 ad
485 2201 670 2260 inridendum
693 2201 892 2274 Philoxenum,
911 2212 943 2262 ut
963 2201 1090 2278 Berglrio
1114 2201 1217 2279 placet.
1258 2200 1340 2260 Nam
1364 2201 1399 2258 in

251 2301 358 2360 iambis
378 2301 453 2360 duae
473 2317 617 2376 personae
635 2299 710 2359 inter
723 2319 756 2360 se
776 2299 919 2372 locuntur,
935 2311 1003 2378 post
1023 2301 1169 2360 senarium
1189 2309 1288 2359 autem
1308 2299 1398 2376 quin·

251 2409 314 2460 tum
328 2417 404 2458 unus
422 2399 613 2476 interponitur
626 2397 809 2472 hexameter;
830 2410 967 2460 secuntur
986 2399 1045 2459 duo
1060 2400 1164 2459 senarii
1179 2403 1220 2472 (7,
1235 2401 1285 2472 8);
1305 2398 1397 2457 ceteri

250 2515 353 2558 uersus
375 2497 534 2557 hexametri
562 2507 691 2568 suntet
715 2497 805 2556 ultimi
832 2498 951 2575 quidem
975 2515 1084 2558 nouem
1111 2508 1155 2557 ter
1182 2497 1212 2556 in
1239 2497 1337 2567 trinos,
1360 2505 1396 2554 ut

251 2597 374 2667 uidetur,
388 2595 539 2654 distributi.
580 2594 682 2674 Itaque
700 2596 779 2656 haud
798 2597 860 2657 scio
879 2615 917 2656 an
931 2607 1009 2658 recte
1022 2596 1177 2656 Flmsleius
1192 2613 1308 2654 uersum
1323 2603 1397 2670 post

251 2693 285 2750 nil
304 2693 458 2769 abruperit.
500 2691 560 2752 Sed
579 2695 642 2754 siue
662 2694 720 2754 hoc
741 2695 833 2756 modo
852 2713 921 2754 eum
941 2695 1090 2772 scripseris
1110 2695 1171 2754 siue
1191 2705 1225 2752 ut
1241 2693 1397 2754 iacobsius

225 2781 228 2790 ¹
251 2790 352 2850 similis
370 2791 475 2850 euadet
493 2792 644 2852 sententia
686 2792 765 2852 Nam
778 2796 883 2852 πίσειέ
895 2818 926 2869 μ
939 2797 990 2851 σοῦ
1003 2803 1107 2852 uotum
1120 2793 1173 2851 erit
1186 2791 1398 2868 interpellantis

250 2887 311 2962 παρ’
335 2889 465 2946 Mrem.
506 2899 538 2946 Α.
558 2888 718 2968 ‘Scorpius
740 2892 855 2963 autem‚’
886 2901 915 2950 n.
941 2891 1072 2950 ‘utinam
1096 2891 1146 2950 tibi
1168 2907 1257 2948 anum
1282 2899 1398 2966 pungat

251 2987 459 3066 ‘suppositus'
479 2989 586 3066 quibus
606 2991 702 3051 uerbis
723 2991 829 3051 inridet
848 2991 1083 3068 magnificentius
1099 2991 1278 3061 recitantem,
1297 2993 1399 3048 πύσει

250 3109 284 3143 rr
296 3087 378 3144 πόθου
392 3085 440 3145 uel
453 3087 561 3145 rariora
573 3091 657 3146 πόθον
669 3087 727 3149 hoc
744 3108 832 3150 sensu
846 3091 956 3150 dicetur
970 3093 978 3120 ‘
989 3088 1099 3149 Mullus
1112 3088 1231 3167 quidem
1244 3087 1396 3148 Venerem

250 3187 335 3246 ‘non
348 3183 482 3258 adiuuat;
505 3187 637 3264 scorpius
657 3206 728 3248 uero
748 3189 870 3248 omnino
891 3188 1112 3265 exstinguit-si
1133 3187 1252 3266 quando
1272 3205 1343 3246 eum
1365 3187 1397 3248 in

250 3287 258 3315 ‘
273 3284 344 3344 sede
358 3283 469 3344 adulter
483 3287 625 3346 senseris!

292 3379 394 3440 Restat
419 3391 517 3441 tamen
544 3381 633 3442 altera
657 3383 796 3460 quaestio,
822 3383 992 3461 scorpiones
1020 3383 1156 3443 animalia
1181 3383 1327 3442 terrestria
1355 3399 1396 3442 an

250 3479 347 3555 pisces
374 3478 579 3554 significentur.
620 3479 659 3538 Et
685 3481 716 3539 in
745 3481 872 3541 Platonis
896 3481 1016 3559 quidem
1038 3501 1126 3542 uersu
1149 3481 1261 3560 piscem
1290 3481 1395 3540 saltem

250 3577 387 3653 primario
400 3575 468 3636 loco
482 3577 636 3654 significari
654 3596 775 3638 necesse
788 3589 833 3638 est
840 3599 848 3652 ;
871 3589 949 3640 totus
963 3591 1007 3640 est
1020 3581 1099 3640 enim
1112 3581 1150 3642 de
1163 3580 1302 3658 piscibus.
1344 3577 1396 3640 Sic

252 3673 425 3735 Heniochus
439 3675 468 3734 in
483 3675 716 3754 Polypragnrone
730 3677 763 3736 ir.
776 3676 831 3736 111.
848 3676 952 3753 (Mein.
967 3678 1022 3738 111.
1035 3682 1108 3754 561)

513 3837 565 3906 ὀρό
579 3835 607 3890 δι’
621 3832 697 3906 θαῦμ’
710 3834 832 3900 ἄπιστον,
847 3834 944 3908 ἱχθῦων
956 3836 1027 3910 γίνῃ,

512 3933 572 4004 περ)
585 3933 632 4003 τὴν
644 3933 724 4006 ὄψ’
736 3933 860 4001 wilm
873 3933 983 4000 “33⁰¹’‘
996 3935 1115 4008 ''lim'‘

513 4129 621 4202 τρίγλας
634 4129 761 4187 delusor
773 4131 922 4202 σκορπίους.

251 4285 470 4352 Mnesiruachus
484 4293 513 4352 in
528 4293 738 4371 Hippotropho
753 4309 791 4370 45
807 4293 910 4370 (Mein.
925 4294 981 4354 111.
998 4299 1071 4371 570)

513 4444 636 4515 κεστρεὺς
649 4445 774 4518 uaeopnr'oc
786 4447 896 4518 ἔγχελυς
908 4445 1000 4518 ἄρκτος
