<?xml version="1.0" encoding="UTF-8"?>
<!DOCTYPE html PUBLIC "-//W3C//DTD XHTML 1.0 Transitional//EN"
    "http://www.w3.org/TR/xhtml1/DTD/xhtml1-transitional.dtd">
<html xmlns="http://www.w3.org/1999/xhtml" xml:lang="en" lang="en">
 <head>
  <title>
</title>
<meta http-equiv="Content-Type" content="text/html;charset=utf-8" />
  <meta name='ocr-system' content='tesseract 3.04.00' />
  <meta name='ocr-capabilities' content='ocr_page ocr_carea ocr_par ocr_line ocrx_word'/>
</head>
<body>
  <div class='ocr_page' id='page_1' title='image "./catulliliber00elligoog_0353.png"; bbox 0 0 3074 5066; ppageno 0'>
   <div class='ocr_carea' id='block_1_1' title="bbox 248 373 994 436">
    <p class='ocr_par' dir='ltr' id='par_1_1' title="bbox 248 373 994 436">
     <span class='ocr_line' id='line_1_1' title="bbox 248 373 994 436; baseline 0.001 -3"><span class='ocrx_word' id='word_1_1' title='bbox 248 379 307 434; x_wconf 83' lang='grc'>266</span> <span class='ocrx_word' id='word_1_2' title='bbox 651 373 706 434; x_wconf 89' lang='lat' dir='ltr'>DE</span> <span class='ocrx_word' id='word_1_3' title='bbox 733 373 994 436; x_wconf 69' lang='lat' dir='ltr'>emmonis</span> 
     </span>
    </p>
   </div>
   <div class='ocr_carea' id='block_1_2' title="bbox 281 555 1189 732">
    <p class='ocr_par' dir='ltr' id='par_1_2' title="bbox 281 555 1189 732">
     <span class='ocr_line' id='line_1_2' title="bbox 281 555 1106 642; baseline -0.002 -28"><span class='ocrx_word' id='word_1_4' title='bbox 281 601 287 614; x_wconf 90' lang='lat'>.</span> <span class='ocrx_word' id='word_1_5' title='bbox 391 581 408 614; x_wconf 85' lang='lat' dir='ltr'>a</span> <span class='ocrx_word' id='word_1_6' title='bbox 434 556 521 632; x_wconf 75' lang='lat' dir='ltr'>Cupit</span> <span class='ocrx_word' id='word_1_7' title='bbox 532 558 594 632; x_wconf 68' lang='lat' dir='ltr'>dita</span> <span class='ocrx_word' id='word_1_8' title='bbox 601 556 709 632; x_wconf 74' lang='lat' dir='ltr'>pupula</span> <span class='ocrx_word' id='word_1_9' title='bbox 723 557 764 614; x_wconf 84' lang='lat' dir='ltr'>ad</span> <span class='ocrx_word' id='word_1_10' title='bbox 773 562 798 614; x_wconf 81' lang='lat' dir='ltr'>ie</span> <span class='ocrx_word' id='word_1_11' title='bbox 809 555 868 614; x_wconf 64' lang='lat' dir='ltr'>site·</span> <span class='ocrx_word' id='word_1_12' title='bbox 876 556 999 631; x_wconf 76' lang='lat' dir='ltr'>dirigere</span> <span class='ocrx_word' id='word_1_13' title='bbox 1011 557 1106 642; x_wconf 70' lang='lat' dir='ltr'>wint,</span> 
     </span>
     <span class='ocr_line' id='line_1_3' title="bbox 432 653 1189 732; baseline -0.003 -20"><span class='ocrx_word' id='word_1_14' title='bbox 432 653 602 732; x_wconf 79' lang='lat' dir='ltr'>Rabiesem</span> <span class='ocrx_word' id='word_1_15' title='bbox 616 673 715 714; x_wconf 78' lang='lat' dir='ltr'>carens</span> <span class='ocrx_word' id='word_1_16' title='bbox 728 654 795 712; x_wconf 81' lang='lat' dir='ltr'>dum</span> <span class='ocrx_word' id='word_1_17' title='bbox 808 653 889 714; x_wconf 77' lang='lat' dir='ltr'>breue</span> <span class='ocrx_word' id='word_1_18' title='bbox 902 661 1004 728; x_wconf 79' lang='lat' dir='ltr'>tempus</span> <span class='ocrx_word' id='word_1_19' title='bbox 1017 655 1130 712; x_wconf 58' lang='lat' dir='ltr'>anthus</span> <span class='ocrx_word' id='word_1_20' title='bbox 1142 659 1189 711; x_wconf 79' lang='lat' dir='ltr'>est.</span> 
     </span>
    </p>
   </div>
   <div class='ocr_carea' id='block_1_3' title="bbox 391 783 1209 1056">
    <p class='ocr_par' dir='ltr' id='par_1_3' title="bbox 391 783 1209 1056">
     <span class='ocr_line' id='line_1_4' title="bbox 391 783 1209 862; baseline -0.002 -20"><span class='ocrx_word' id='word_1_21' title='bbox 391 790 413 851; x_wconf 85' lang='grc' dir='ltr'>β</span> <span class='ocrx_word' id='word_1_22' title='bbox 433 783 530 861; x_wconf 82' lang='lat' dir='ltr'><em>Egone</em></span> <span class='ocrx_word' id='word_1_23' title='bbox 543 804 561 842; x_wconf 85' lang='lat' dir='ltr'>a</span> <span class='ocrx_word' id='word_1_24' title='bbox 576 803 635 844; x_wconf 84' lang='lat' dir='ltr'>mea</span> <span class='ocrx_word' id='word_1_25' title='bbox 648 791 749 842; x_wconf 81' lang='lat' dir='ltr'>remota</span> <span class='ocrx_word' id='word_1_26' title='bbox 763 783 926 862; x_wconf 73' lang='lat' dir='ltr'>hauserar</span> <span class='ocrx_word' id='word_1_27' title='bbox 939 787 969 842; x_wconf 82' lang='lat' dir='ltr'>in</span> <span class='ocrx_word' id='word_1_28' title='bbox 982 802 1095 842; x_wconf 80' lang='lat' dir='ltr'>nemora</span> <span class='ocrx_word' id='word_1_29' title='bbox 1109 784 1209 840; x_wconf 73' lang='lat' dir='ltr'>domo?</span> 
     </span>
     <span class='ocr_line' id='line_1_5' title="bbox 432 881 1067 957; baseline -0.006 -16"><span class='ocrx_word' id='word_1_30' title='bbox 432 882 550 954; x_wconf 69' lang='lat' dir='ltr'>Patria,</span> <span class='ocrx_word' id='word_1_31' title='bbox 565 881 649 952; x_wconf 74' lang='lat' dir='ltr'>domi,</span> <span class='ocrx_word' id='word_1_32' title='bbox 664 883 768 953; x_wconf 63' lang='lat' dir='ltr'>amitii,</span> <span class='ocrx_word' id='word_1_33' title='bbox 777 881 949 957; x_wconf 79' lang='lat' dir='ltr'><em>genitoribus</em></span> <span class='ocrx_word' id='word_1_34' title='bbox 962 881 1067 938; x_wconf 76' lang='lat' dir='ltr'>abero?</span> 
     </span>
     <span class='ocr_line' id='line_1_6' title="bbox 433 977 1103 1056; baseline -0.006 -18"><span class='ocrx_word' id='word_1_35' title='bbox 433 979 525 1038; x_wconf 83' lang='lat' dir='ltr'>Adero</span> <span class='ocrx_word' id='word_1_36' title='bbox 528 979 611 1056; x_wconf 86' lang='lat' dir='ltr'>soro,</span> <span class='ocrx_word' id='word_1_37' title='bbox 620 979 774 1055; x_wconf 80' lang='lat' dir='ltr'>palaestra,</span> <span class='ocrx_word' id='word_1_38' title='bbox 787 977 876 1036; x_wconf 78' lang='lat' dir='ltr'>stadio</span> <span class='ocrx_word' id='word_1_39' title='bbox 888 984 916 1035; x_wconf 80' lang='lat' dir='ltr'>e!</span> <span class='ocrx_word' id='word_1_40' title='bbox 921 977 1103 1054; x_wconf 65' lang='lat' dir='ltr'>gymnasias?</span> 
     </span>
    </p>
   </div>
   <div class='ocr_carea' id='block_1_4' title="bbox 392 1107 1317 1186">
    <p class='ocr_par' dir='ltr' id='par_1_4' title="bbox 392 1107 1317 1186">
     <span class='ocr_line' id='line_1_7' title="bbox 392 1107 1317 1186; baseline -0.008 -16"><span class='ocrx_word' id='word_1_41' title='bbox 392 1135 411 1185; x_wconf 83' lang='grc' dir='ltr'>γ</span> <span class='ocrx_word' id='word_1_42' title='bbox 433 1109 529 1170; x_wconf 79' lang='lat' dir='ltr'>Miser</span> <span class='ocrx_word' id='word_1_43' title='bbox 542 1111 580 1168; x_wconf 82' lang='lat' dir='ltr'>ah</span> <span class='ocrx_word' id='word_1_44' title='bbox 595 1112 688 1182; x_wconf 64' lang='lat' dir='ltr'>meter,</span> <span class='ocrx_word' id='word_1_45' title='bbox 702 1111 866 1186; x_wconf 68' lang='lat' dir='ltr'>quamdam</span> <span class='ocrx_word' id='word_1_46' title='bbox 880 1115 920 1168; x_wconf 83' lang='lat' dir='ltr'>est</span> <span class='ocrx_word' id='word_1_47' title='bbox 931 1111 1011 1168; x_wconf 69' lang='lat' dir='ltr'>ctiam</span> <span class='ocrx_word' id='word_1_48' title='bbox 1025 1115 1105 1184; x_wconf 73' lang='lat' dir='ltr'>atque</span> <span class='ocrx_word' id='word_1_49' title='bbox 1116 1109 1206 1176; x_wconf 69' lang='lat' dir='ltr'>ennon,</span> <span class='ocrx_word' id='word_1_50' title='bbox 1220 1107 1317 1164; x_wconf 67' lang='lat' dir='ltr'>anm.</span> 
     </span>
    </p>
   </div>
   <div class='ocr_carea' id='block_1_5' title="bbox 393 1288 1244 1786">
    <p class='ocr_par' dir='ltr' id='par_1_5' title="bbox 394 1288 1244 1464">
     <span class='ocr_line' id='line_1_8' title="bbox 394 1288 1244 1366; baseline -0.006 -18"><span class='ocrx_word' id='word_1_51' title='bbox 394 1315 411 1348; x_wconf 87' lang='grc' dir='ltr'>ιι</span> <span class='ocrx_word' id='word_1_52' title='bbox 434 1289 500 1366; x_wconf 81' lang='lat' dir='ltr'>Ego</span> <span class='ocrx_word' id='word_1_53' title='bbox 513 1309 585 1348; x_wconf 83' lang='lat' dir='ltr'>nunc</span> <span class='ocrx_word' id='word_1_54' title='bbox 598 1289 690 1348; x_wconf 76' lang='lat' dir='ltr'>Deum</span> <span class='ocrx_word' id='word_1_55' title='bbox 703 1291 835 1347; x_wconf 65' lang='lat' dir='ltr'>mentina</span> <span class='ocrx_word' id='word_1_56' title='bbox 848 1296 875 1348; x_wconf 81' lang='lat' dir='ltr'>ei</span> <span class='ocrx_word' id='word_1_57' title='bbox 888 1288 1244 1366; x_wconf 74' lang='lat' dir='ltr'>Cybelessamuluserar?</span> 
     </span>
     <span class='ocr_line' id='line_1_9' title="bbox 435 1385 1184 1464; baseline -0.005 -20"><span class='ocrx_word' id='word_1_58' title='bbox 435 1387 501 1464; x_wconf 83' lang='lat' dir='ltr'>Ego</span> <span class='ocrx_word' id='word_1_59' title='bbox 514 1385 645 1457; x_wconf 86' lang='lat' dir='ltr'>Maenas,</span> <span class='ocrx_word' id='word_1_60' title='bbox 659 1405 706 1462; x_wconf 78' lang='lat' dir='ltr'>ego</span> <span class='ocrx_word' id='word_1_61' title='bbox 719 1387 862 1460; x_wconf 82' lang='lat' dir='ltr'>nuipars,</span> <span class='ocrx_word' id='word_1_62' title='bbox 876 1405 924 1462; x_wconf 81' lang='lat' dir='ltr'>ego</span> <span class='ocrx_word' id='word_1_63' title='bbox 937 1388 985 1442; x_wconf 78' lang='lat' dir='ltr'>ui&#39;r</span> <span class='ocrx_word' id='word_1_64' title='bbox 998 1385 1100 1443; x_wconf 70' lang='lat' dir='ltr'>sterilis</span> <span class='ocrx_word' id='word_1_65' title='bbox 1113 1387 1184 1441; x_wconf 75' lang='lat' dir='ltr'>ero?</span> 
     </span>
    </p>

    <p class='ocr_par' dir='ltr' id='par_1_6' title="bbox 393 1512 1217 1786">
     <span class='ocr_line' id='line_1_10' title="bbox 393 1512 1192 1591; baseline -0.006 -20"><span class='ocrx_word' id='word_1_66' title='bbox 393 1521 415 1582; x_wconf 84' lang='grc' dir='ltr'>β</span> <span class='ocrx_word' id='word_1_67' title='bbox 435 1514 499 1590; x_wconf 78' lang='lat' dir='ltr'>Ego</span> <span class='ocrx_word' id='word_1_68' title='bbox 513 1514 615 1574; x_wconf 82' lang='lat' dir='ltr'>ur&#39;ridr&#39;s</span> <span class='ocrx_word' id='word_1_69' title='bbox 628 1514 724 1591; x_wconf 78' lang='lat' dir='ltr'>algida</span> <span class='ocrx_word' id='word_1_70' title='bbox 737 1513 809 1572; x_wconf 83' lang='lat' dir='ltr'>Idae</span> <span class='ocrx_word' id='word_1_71' title='bbox 822 1515 884 1572; x_wconf 77' lang='lat' dir='ltr'>mite</span> <span class='ocrx_word' id='word_1_72' title='bbox 896 1515 996 1572; x_wconf 67' lang='lat' dir='ltr'>urnula</span> <span class='ocrx_word' id='word_1_73' title='bbox 1009 1513 1067 1570; x_wconf 84' lang='lat' dir='ltr'>loca</span> <span class='ocrx_word' id='word_1_74' title='bbox 1081 1512 1192 1570; x_wconf 71' lang='lat' dir='ltr'>colom?</span> 
     </span>
     <span class='ocr_line' id='line_1_11' title="bbox 435 1609 1217 1687; baseline -0.006 -17"><span class='ocrx_word' id='word_1_75' title='bbox 435 1611 499 1687; x_wconf 80' lang='lat' dir='ltr'>Ego</span> <span class='ocrx_word' id='word_1_76' title='bbox 513 1615 600 1669; x_wconf 72' lang='lat' dir='ltr'>urtam</span> <span class='ocrx_word' id='word_1_77' title='bbox 613 1630 697 1686; x_wconf 80' lang='lat' dir='ltr'>agam</span> <span class='ocrx_word' id='word_1_78' title='bbox 710 1611 761 1669; x_wconf 75' lang='lat' dir='ltr'>sub</span> <span class='ocrx_word' id='word_1_79' title='bbox 774 1611 841 1669; x_wconf 73' lang='lat' dir='ltr'>altri</span> <span class='ocrx_word' id='word_1_80' title='bbox 853 1610 1001 1687; x_wconf 79' lang='lat' dir='ltr'><em>Phrygiae</em></span> <span class='ocrx_word' id='word_1_81' title='bbox 1012 1609 1217 1667; x_wconf 69' lang='lat' dir='ltr'>coloniensibus?</span> 
     </span>
     <span class='ocr_line' id='line_1_12' title="bbox 444 1708 1161 1786; baseline -0.006 -18"><span class='ocrx_word' id='word_1_82' title='bbox 444 1708 497 1768; x_wconf 77' lang='lat' dir='ltr'>Vbi</span> <span class='ocrx_word' id='word_1_83' title='bbox 505 1727 588 1768; x_wconf 78' lang='lat' dir='ltr'>centa</span> <span class='ocrx_word' id='word_1_84' title='bbox 601 1709 788 1779; x_wconf 61' lang='lat' dir='ltr'>statuunt,</span> <span class='ocrx_word' id='word_1_85' title='bbox 802 1709 853 1768; x_wconf 83' lang='lat' dir='ltr'>ubi</span> <span class='ocrx_word' id='word_1_86' title='bbox 862 1719 929 1786; x_wconf 78' lang='lat' dir='ltr'>aper</span> <span class='ocrx_word' id='word_1_87' title='bbox 941 1711 1161 1786; x_wconf 66' lang='lat' dir='ltr'>mmonuogus?</span> 
     </span>
    </p>
   </div>
   <div class='ocr_carea' id='block_1_6' title="bbox 394 1837 1122 1917">
    <p class='ocr_par' dir='ltr' id='par_1_7' title="bbox 394 1837 1122 1917">
     <span class='ocr_line' id='line_1_13' title="bbox 394 1837 1122 1917; baseline 0.001 -20"><span class='ocrx_word' id='word_1_88' title='bbox 394 1863 413 1914; x_wconf 80' lang='grc' dir='ltr'><strong>γ</strong></span> <span class='ocrx_word' id='word_1_89' title='bbox 436 1837 502 1898; x_wconf 83' lang='lat' dir='ltr'>Iam</span> <span class='ocrx_word' id='word_1_90' title='bbox 516 1842 572 1899; x_wconf 72' lang='lat' dir='ltr'>tom</span> <span class='ocrx_word' id='word_1_91' title='bbox 586 1839 657 1898; x_wconf 78' lang='lat' dir='ltr'>dolet</span> <span class='ocrx_word' id='word_1_92' title='bbox 667 1841 741 1916; x_wconf 79' lang='lat' dir='ltr'>quod</span> <span class='ocrx_word' id='word_1_93' title='bbox 749 1843 800 1916; x_wconf 75' lang='lat' dir='ltr'>egi,</span> <span class='ocrx_word' id='word_1_94' title='bbox 815 1841 872 1900; x_wconf 81' lang='lat' dir='ltr'>iam</span> <span class='ocrx_word' id='word_1_95' title='bbox 886 1841 994 1917; x_wconf 61' lang='lat' dir='ltr'>imaque</span> <span class='ocrx_word' id='word_1_96' title='bbox 1001 1842 1122 1915; x_wconf 70' lang='lat' dir='ltr'>pomitet.</span> 
     </span>
    </p>
   </div>
   <div class='ocr_carea' id='block_1_7' title="bbox 253 2035 1393 2703">
    <p class='ocr_par' dir='ltr' id='par_1_8' title="bbox 253 2035 1393 2703">
     <span class='ocr_line' id='line_1_14' title="bbox 253 2035 1393 2115; baseline -0.002 -19"><span class='ocrx_word' id='word_1_97' title='bbox 253 2037 302 2098; x_wconf 87' lang='lat' dir='ltr'>Ad</span> <span class='ocrx_word' id='word_1_98' title='bbox 323 2039 446 2115; x_wconf 87' lang='lat' dir='ltr'>primam</span> <span class='ocrx_word' id='word_1_99' title='bbox 466 2039 629 2099; x_wconf 87' lang='lat' dir='ltr'>orationem</span> <span class='ocrx_word' id='word_1_100' title='bbox 650 2039 826 2098; x_wconf 87' lang='lat' dir='ltr'>reuoluimur</span> <span class='ocrx_word' id='word_1_101' title='bbox 851 2042 957 2098; x_wconf 79' lang='lat'>12-26.</span> <span class='ocrx_word' id='word_1_102' title='bbox 999 2037 1124 2097; x_wconf 84' lang='lat' dir='ltr'><strong>Constat</strong></span> <span class='ocrx_word' id='word_1_103' title='bbox 1147 2056 1183 2096; x_wconf 85' lang='lat' dir='ltr'>ex</span> <span class='ocrx_word' id='word_1_104' title='bbox 1208 2051 1244 2111; x_wconf 84' lang='lat'>15</span> <span class='ocrx_word' id='word_1_105' title='bbox 1265 2035 1393 2096; x_wconf 84' lang='lat' dir='ltr'>uersibus</span> 
     </span>
     <span class='ocr_line' id='line_1_15' title="bbox 254 2135 1392 2213; baseline -0.004 -19"><span class='ocrx_word' id='word_1_106' title='bbox 254 2153 379 2211; x_wconf 88' lang='lat' dir='ltr'>quorum</span> <span class='ocrx_word' id='word_1_107' title='bbox 401 2155 452 2196; x_wconf 85' lang='lat' dir='ltr'>sex</span> <span class='ocrx_word' id='word_1_108' title='bbox 472 2137 558 2213; x_wconf 88' lang='lat' dir='ltr'>primi</span> <span class='ocrx_word' id='word_1_109' title='bbox 579 2136 737 2212; x_wconf 74' lang='lat' dir='ltr'>stropham,</span> <span class='ocrx_word' id='word_1_110' title='bbox 759 2155 811 2196; x_wconf 83' lang='lat' dir='ltr'>sex</span> <span class='ocrx_word' id='word_1_111' title='bbox 831 2137 925 2195; x_wconf 87' lang='lat' dir='ltr'>ultimi</span> <span class='ocrx_word' id='word_1_112' title='bbox 945 2135 1148 2211; x_wconf 89' lang='lat' dir='ltr'>antistrophou</span> <span class='ocrx_word' id='word_1_113' title='bbox 1171 2135 1313 2194; x_wconf 88' lang='lat' dir='ltr'>efficiunt:</span> <span class='ocrx_word' id='word_1_114' title='bbox 1337 2143 1392 2192; x_wconf 85' lang='lat' dir='ltr'>tres</span> 
     </span>
     <span class='ocr_line' id='line_1_16' title="bbox 254 2229 1393 2310; baseline -0.004 -19"><span class='ocrx_word' id='word_1_115' title='bbox 254 2233 415 2310; x_wconf 82' lang='lat' dir='ltr'>interpositi</span> <span class='ocrx_word' id='word_1_116' title='bbox 440 2244 528 2310; x_wconf 90' lang='lat' dir='ltr'>caput</span> <span class='ocrx_word' id='word_1_117' title='bbox 551 2253 587 2293; x_wconf 90' lang='lat' dir='ltr'>ac</span> <span class='ocrx_word' id='word_1_118' title='bbox 609 2252 755 2293; x_wconf 84' lang='lat' dir='ltr'>summam</span> <span class='ocrx_word' id='word_1_119' title='bbox 777 2235 938 2293; x_wconf 85' lang='lat' dir='ltr'>sententiae</span> <span class='ocrx_word' id='word_1_120' title='bbox 957 2235 988 2292; x_wconf 89' lang='lat' dir='ltr'>in</span> <span class='ocrx_word' id='word_1_121' title='bbox 1009 2251 1041 2292; x_wconf 85' lang='lat' dir='ltr'>se</span> <span class='ocrx_word' id='word_1_122' title='bbox 1062 2233 1209 2310; x_wconf 78' lang='lat' dir='ltr'>colligunt</span> <span class='ocrx_word' id='word_1_123' title='bbox 1251 2231 1309 2291; x_wconf 86' lang='lat' dir='ltr'>Hic</span> <span class='ocrx_word' id='word_1_124' title='bbox 1322 2229 1393 2289; x_wconf 86' lang='lat' dir='ltr'>ordo</span> 
     </span>
     <span class='ocr_line' id='line_1_17' title="bbox 254 2328 1392 2403; baseline -0.003 -15"><span class='ocrx_word' id='word_1_125' title='bbox 254 2347 316 2389; x_wconf 91' lang='lat' dir='ltr'>non</span> <span class='ocrx_word' id='word_1_126' title='bbox 343 2331 434 2390; x_wconf 88' lang='lat' dir='ltr'>modo</span> <span class='ocrx_word' id='word_1_127' title='bbox 465 2332 588 2391; x_wconf 90' lang='lat' dir='ltr'>multum</span> <span class='ocrx_word' id='word_1_128' title='bbox 622 2333 661 2391; x_wconf 91' lang='lat' dir='ltr'>ad</span> <span class='ocrx_word' id='word_1_129' title='bbox 690 2333 750 2390; x_wconf 91' lang='lat' dir='ltr'>uim</span> <span class='ocrx_word' id='word_1_130' title='bbox 777 2331 890 2391; x_wconf 80' lang='lat' dir='ltr'>confert</span> <span class='ocrx_word' id='word_1_131' title='bbox 917 2331 1062 2401; x_wconf 87' lang='lat' dir='ltr'>carminis,</span> <span class='ocrx_word' id='word_1_132' title='bbox 1091 2331 1144 2389; x_wconf 87' lang='lat' dir='ltr'>sed</span> <span class='ocrx_word' id='word_1_133' title='bbox 1178 2329 1299 2389; x_wconf 81' lang='lat' dir='ltr'>sortasse</span> <span class='ocrx_word' id='word_1_134' title='bbox 1331 2328 1392 2403; x_wconf 82' lang='lat' dir='ltr'>Ipso</span> 
     </span>
     <span class='ocr_line' id='line_1_18' title="bbox 254 2427 1393 2505; baseline -0.003 -20"><span class='ocrx_word' id='word_1_135' title='bbox 254 2427 391 2504; x_wconf 79' lang='lat' dir='ltr'>rhythmo</span> <span class='ocrx_word' id='word_1_136' title='bbox 416 2429 603 2488; x_wconf 82' lang='lat' dir='ltr'>continuatur</span> <span class='ocrx_word' id='word_1_137' title='bbox 610 2448 619 2502; x_wconf 87' lang='lat'>;</span> <span class='ocrx_word' id='word_1_138' title='bbox 643 2446 714 2488; x_wconf 90' lang='lat' dir='ltr'>nam</span> <span class='ocrx_word' id='word_1_139' title='bbox 739 2429 764 2488; x_wconf 92' lang='lat' dir='ltr'>si</span> <span class='ocrx_word' id='word_1_140' title='bbox 787 2429 905 2488; x_wconf 89' lang='lat' dir='ltr'>codices</span> <span class='ocrx_word' id='word_1_141' title='bbox 927 2429 1083 2505; x_wconf 87' lang='lat' dir='ltr'>plerosque</span> <span class='ocrx_word' id='word_1_142' title='bbox 1108 2428 1264 2504; x_wconf 80' lang='lat' dir='ltr'>sequimur,</span> <span class='ocrx_word' id='word_1_143' title='bbox 1287 2427 1393 2502; x_wconf 87' lang='lat' dir='ltr'>primus</span> 
     </span>
     <span class='ocr_line' id='line_1_19' title="bbox 254 2525 1393 2604; baseline 0 -20"><span class='ocrx_word' id='word_1_144' title='bbox 254 2526 492 2602; x_wconf 84' lang='lat' dir='ltr'>interpositorum</span> <span class='ocrx_word' id='word_1_145' title='bbox 517 2527 603 2586; x_wconf 83' lang='lat' dir='ltr'>trIum</span> <span class='ocrx_word' id='word_1_146' title='bbox 627 2545 773 2598; x_wconf 81' lang='lat' dir='ltr'>uersuum,</span> <span class='ocrx_word' id='word_1_147' title='bbox 792 2535 905 2586; x_wconf 85' lang='lat' dir='ltr'>mutato</span> <span class='ocrx_word' id='word_1_148' title='bbox 925 2528 1022 2604; x_wconf 89' lang='lat' dir='ltr'>primo</span> <span class='ocrx_word' id='word_1_149' title='bbox 1042 2527 1119 2603; x_wconf 87' lang='lat' dir='ltr'>pede</span> <span class='ocrx_word' id='word_1_150' title='bbox 1140 2544 1176 2584; x_wconf 87' lang='lat' dir='ltr'>ex</span> <span class='ocrx_word' id='word_1_151' title='bbox 1196 2525 1323 2585; x_wconf 88' lang='lat' dir='ltr'>resoluto</span> <span class='ocrx_word' id='word_1_152' title='bbox 1344 2539 1393 2600; x_wconf 89' lang='lat' dir='ltr'>per</span> 
     </span>
     <span class='ocr_line' id='line_1_20' title="bbox 255 2623 1297 2703; baseline -0.002 -19"><span class='ocrx_word' id='word_1_153' title='bbox 255 2624 402 2684; x_wconf 87' lang='lat' dir='ltr'>anaclasin</span> <span class='ocrx_word' id='word_1_154' title='bbox 416 2624 515 2685; x_wconf 89' lang='lat' dir='ltr'>ionico</span> <span class='ocrx_word' id='word_1_155' title='bbox 529 2643 547 2684; x_wconf 93' lang='lat' dir='ltr'>a</span> <span class='ocrx_word' id='word_1_156' title='bbox 561 2626 674 2684; x_wconf 88' lang='lat' dir='ltr'>minore</span> <span class='ocrx_word' id='word_1_157' title='bbox 688 2625 726 2684; x_wconf 88' lang='lat' dir='ltr'>ad</span> <span class='ocrx_word' id='word_1_158' title='bbox 740 2642 846 2703; x_wconf 88' lang='lat' dir='ltr'>pumm</span> <span class='ocrx_word' id='word_1_159' title='bbox 860 2625 998 2696; x_wconf 85' lang='lat' dir='ltr'>ionicutn,</span> <span class='ocrx_word' id='word_1_160' title='bbox 1012 2625 1054 2684; x_wconf 88' lang='lat' dir='ltr'>sic</span> <span class='ocrx_word' id='word_1_161' title='bbox 1068 2623 1239 2684; x_wconf 88' lang='lat' dir='ltr'>scribendus</span> <span class='ocrx_word' id='word_1_162' title='bbox 1252 2631 1297 2682; x_wconf 87' lang='lat' dir='ltr'>est</span> 
     </span>
    </p>
   </div>
   <div class='ocr_carea' id='block_1_8' title="bbox 497 2778 1105 2838">
    <p class='ocr_par' dir='ltr' id='par_1_9' title="bbox 497 2778 1105 2838">
     <span class='ocr_line' id='line_1_21' title="bbox 497 2778 1105 2838; baseline -0.002 0"><span class='ocrx_word' id='word_1_163' title='bbox 497 2778 636 2838; x_wconf 75' lang='lat' dir='ltr'>Hdorate</span> <span class='ocrx_word' id='word_1_164' title='bbox 648 2797 710 2838; x_wconf 81' lang='lat' dir='ltr'>aere</span> <span class='ocrx_word' id='word_1_165' title='bbox 722 2781 814 2838; x_wconf 72' lang='lat' dir='ltr'>citati</span> <span class='ocrx_word' id='word_1_166' title='bbox 826 2779 969 2838; x_wconf 81' lang='lat' dir='ltr'>erroribus</span> <span class='ocrx_word' id='word_1_167' title='bbox 981 2781 1105 2838; x_wconf 69' lang='lat' dir='ltr'>anamma</span> 
     </span>
    </p>
   </div>
   <div class='ocr_carea' id='block_1_9' title="bbox 254 2930 1394 3112">
    <p class='ocr_par' dir='ltr' id='par_1_10' title="bbox 254 2930 1394 3112">
     <span class='ocr_line' id='line_1_22' title="bbox 254 2930 1394 3011; baseline 0.004 -22"><span class='ocrx_word' id='word_1_168' title='bbox 254 2930 333 2990; x_wconf 87' lang='lat' dir='ltr'>unde</span> <span class='ocrx_word' id='word_1_169' title='bbox 353 2931 555 2994; x_wconf 86' lang='lat' dir='ltr'>uehementior</span> <span class='ocrx_word' id='word_1_170' title='bbox 575 2937 739 2996; x_wconf 88' lang='lat' dir='ltr'>animorum</span> <span class='ocrx_word' id='word_1_171' title='bbox 761 2937 926 3009; x_wconf 85' lang='lat' dir='ltr'>concitatio,</span> <span class='ocrx_word' id='word_1_172' title='bbox 942 2938 1026 2997; x_wconf 90' lang='lat' dir='ltr'>simul</span> <span class='ocrx_word' id='word_1_173' title='bbox 1045 2937 1212 2997; x_wconf 89' lang='lat' dir='ltr'>Gallantum</span> <span class='ocrx_word' id='word_1_174' title='bbox 1233 2954 1301 2995; x_wconf 88' lang='lat' dir='ltr'>cum</span> <span class='ocrx_word' id='word_1_175' title='bbox 1321 2951 1394 3011; x_wconf 84' lang='lat' dir='ltr'>cym-</span> 
     </span>
     <span class='ocr_line' id='line_1_23' title="bbox 255 3027 1326 3112; baseline 0.005 -25"><span class='ocrx_word' id='word_1_176' title='bbox 255 3027 328 3088; x_wconf 80' lang='lat' dir='ltr'>balis</span> <span class='ocrx_word' id='word_1_177' title='bbox 343 3029 481 3089; x_wconf 84' lang='lat' dir='ltr'>tumuitus</span> <span class='ocrx_word' id='word_1_178' title='bbox 495 3033 667 3110; x_wconf 88' lang='lat' dir='ltr'>properipes</span> <span class='ocrx_word' id='word_1_179' title='bbox 681 3035 858 3112; x_wconf 79' lang='lat' dir='ltr'>exprimitur.</span> <span class='ocrx_word' id='word_1_180' title='bbox 900 3038 990 3107; x_wconf 70' lang='grc' dir='ltr'>Σχῆμα</span> <span class='ocrx_word' id='word_1_181' title='bbox 1004 3035 1089 3111; x_wconf 88' lang='lat' dir='ltr'>igitur</span> <span class='ocrx_word' id='word_1_182' title='bbox 1102 3035 1268 3094; x_wconf 86' lang='lat' dir='ltr'>orationum</span> <span class='ocrx_word' id='word_1_183' title='bbox 1281 3043 1326 3094; x_wconf 78' lang='lat' dir='ltr'>est</span> 
     </span>
    </p>
   </div>
   <div class='ocr_carea' id='block_1_10' title="bbox 512 3176 1125 3260">
    <p class='ocr_par' dir='ltr' id='par_1_11' title="bbox 512 3176 1125 3260">
     <span class='ocr_line' id='line_1_24' title="bbox 512 3176 1125 3260; baseline 0 -4"><span class='ocrx_word' id='word_1_184' title='bbox 512 3176 698 3258; x_wconf 60' lang='grc' dir='ltr'>(ΟΜ-6</span> <span class='ocrx_word' id='word_1_185' title='bbox 756 3178 933 3260; x_wconf 83' lang='lat'><strong>(²)⁶⁶·⁶⁶</strong></span> <span class='ocrx_word' id='word_1_186' title='bbox 990 3179 1125 3260; x_wconf 73' lang='lat' dir='ltr'>(ais-3</span> 
     </span>
    </p>
   </div>
   <div class='ocr_carea' id='block_1_11' title="bbox 763 3465 893 3542">
    <p class='ocr_par' dir='ltr' id='par_1_12' title="bbox 763 3465 893 3542">
     <span class='ocr_line' id='line_1_25' title="bbox 763 3465 893 3542; baseline 0.008 -17"><span class='ocrx_word' id='word_1_187' title='bbox 763 3465 893 3542; x_wconf 81' lang='lat' dir='ltr'>Elegiae.</span> 
     </span>
    </p>
   </div>
   <div class='ocr_carea' id='block_1_12' title="bbox 256 3611 1401 4478">
    <p class='ocr_par' dir='ltr' id='par_1_13' title="bbox 256 3611 1401 4478">
     <span class='ocr_line' id='line_1_26' title="bbox 296 3611 1397 3692; baseline -0.005 -18"><span class='ocrx_word' id='word_1_188' title='bbox 296 3614 343 3674; x_wconf 83' lang='lat' dir='ltr'>Ex</span> <span class='ocrx_word' id='word_1_189' title='bbox 367 3614 467 3690; x_wconf 85' lang='lat' dir='ltr'>elegiis</span> <span class='ocrx_word' id='word_1_190' title='bbox 492 3613 567 3673; x_wconf 90' lang='lat' dir='ltr'>duae</span> <span class='ocrx_word' id='word_1_191' title='bbox 592 3614 698 3674; x_wconf 86' lang='lat' dir='ltr'>eodem</span> <span class='ocrx_word' id='word_1_192' title='bbox 722 3614 782 3673; x_wconf 86' lang='lat' dir='ltr'>fere</span> <span class='ocrx_word' id='word_1_193' title='bbox 803 3615 895 3674; x_wconf 91' lang='lat' dir='ltr'>modo</span> <span class='ocrx_word' id='word_1_194' title='bbox 917 3615 1041 3692; x_wconf 88' lang='lat' dir='ltr'>scriptae</span> <span class='ocrx_word' id='word_1_195' title='bbox 1062 3625 1130 3674; x_wconf 89' lang='lat' dir='ltr'>sunt</span> <span class='ocrx_word' id='word_1_196' title='bbox 1150 3615 1243 3686; x_wconf 86' lang='lat' dir='ltr'>LXV,</span> <span class='ocrx_word' id='word_1_197' title='bbox 1263 3611 1397 3674; x_wconf 83' lang='lat' dir='ltr'><strong>LXXVI.</strong></span> 
     </span>
     <span class='ocr_line' id='line_1_27' title="bbox 256 3711 1398 3791; baseline -0.003 -20"><span class='ocrx_word' id='word_1_198' title='bbox 256 3713 405 3791; x_wconf 86' lang='lat' dir='ltr'>Vtraeque</span> <span class='ocrx_word' id='word_1_199' title='bbox 433 3713 512 3772; x_wconf 85' lang='lat' dir='ltr'>en&#39;un</span> <span class='ocrx_word' id='word_1_200' title='bbox 540 3712 621 3788; x_wconf 92' lang='lat' dir='ltr'>quod</span> <span class='ocrx_word' id='word_1_201' title='bbox 648 3712 686 3770; x_wconf 90' lang='lat' dir='ltr'>ad</span> <span class='ocrx_word' id='word_1_202' title='bbox 714 3713 887 3772; x_wconf 82' lang='lat' dir='ltr'>sententiam</span> <span class='ocrx_word' id='word_1_203' title='bbox 916 3725 960 3772; x_wconf 89' lang='lat' dir='ltr'>est</span> <span class='ocrx_word' id='word_1_204' title='bbox 984 3713 1172 3790; x_wconf 87' lang='lat' dir='ltr'>praecipuum</span> <span class='ocrx_word' id='word_1_205' title='bbox 1197 3724 1226 3771; x_wconf 89' lang='lat' dir='ltr'>et</span> <span class='ocrx_word' id='word_1_206' title='bbox 1250 3713 1280 3771; x_wconf 90' lang='lat' dir='ltr'>in</span> <span class='ocrx_word' id='word_1_207' title='bbox 1305 3711 1398 3772; x_wconf 87' lang='lat' dir='ltr'>medio</span> 
     </span>
     <span class='ocr_line' id='line_1_28' title="bbox 256 3807 1400 3870; baseline -0.001 -1"><span class='ocrx_word' id='word_1_208' title='bbox 256 3811 366 3870; x_wconf 89' lang='lat' dir='ltr'>habent</span> <span class='ocrx_word' id='word_1_209' title='bbox 386 3819 415 3869; x_wconf 89' lang='lat' dir='ltr'>et</span> <span class='ocrx_word' id='word_1_210' title='bbox 435 3827 472 3868; x_wconf 93' lang='lat' dir='ltr'>eo</span> <span class='ocrx_word' id='word_1_211' title='bbox 494 3827 546 3869; x_wconf 85' lang='lat' dir='ltr'>sex</span> <span class='ocrx_word' id='word_1_212' title='bbox 566 3825 712 3868; x_wconf 88' lang='lat' dir='ltr'>uersuum.</span> <span class='ocrx_word' id='word_1_213' title='bbox 756 3807 816 3868; x_wconf 89' lang='lat' dir='ltr'>Sed</span> <span class='ocrx_word' id='word_1_214' title='bbox 829 3809 914 3868; x_wconf 89' lang='lat' dir='ltr'>LXV</span> <span class='ocrx_word' id='word_1_215' title='bbox 927 3819 971 3869; x_wconf 92' lang='lat' dir='ltr'>tot</span> <span class='ocrx_word' id='word_1_216' title='bbox 990 3811 1086 3870; x_wconf 90' lang='lat' dir='ltr'>modis</span> <span class='ocrx_word' id='word_1_217' title='bbox 1105 3811 1294 3870; x_wconf 88' lang='lat' dir='ltr'>immutarunt</span> <span class='ocrx_word' id='word_1_218' title='bbox 1309 3807 1400 3869; x_wconf 87' lang='lat' dir='ltr'>Lach-</span> 
     </span>
     <span class='ocr_line' id='line_1_29' title="bbox 256 3909 1399 3986; baseline -0.001 -17"><span class='ocrx_word' id='word_1_219' title='bbox 256 3927 383 3969; x_wconf 84' lang='lat' dir='ltr'>mannus</span> <span class='ocrx_word' id='word_1_220' title='bbox 411 3921 440 3968; x_wconf 88' lang='lat' dir='ltr'>et</span> <span class='ocrx_word' id='word_1_221' title='bbox 467 3919 535 3986; x_wconf 89' lang='lat' dir='ltr'>post</span> <span class='ocrx_word' id='word_1_222' title='bbox 557 3927 625 3968; x_wconf 90' lang='lat' dir='ltr'>eum</span> <span class='ocrx_word' id='word_1_223' title='bbox 647 3909 702 3980; x_wconf 86' lang='lat' dir='ltr'>alii,</span> <span class='ocrx_word' id='word_1_224' title='bbox 723 3919 755 3968; x_wconf 91' lang='lat' dir='ltr'>ut</span> <span class='ocrx_word' id='word_1_225' title='bbox 776 3909 935 3968; x_wconf 88' lang='lat' dir='ltr'>uidendum</span> <span class='ocrx_word' id='word_1_226' title='bbox 957 3909 993 3968; x_wconf 90' lang='lat' dir='ltr'>sit</span> <span class='ocrx_word' id='word_1_227' title='bbox 1014 3909 1132 3969; x_wconf 86' lang='lat' dir='ltr'>codices</span> <span class='ocrx_word' id='word_1_228' title='bbox 1152 3909 1182 3968; x_wconf 94' lang='lat' dir='ltr'>id</span> <span class='ocrx_word' id='word_1_229' title='bbox 1203 3909 1399 3986; x_wconf 89' lang='lat' dir='ltr'>incorruptum</span> 
     </span>
     <span class='ocr_line' id='line_1_30' title="bbox 257 4003 1401 4084; baseline -0.003 -20"><span class='ocrx_word' id='word_1_230' title='bbox 257 4008 343 4066; x_wconf 86' lang='lat' dir='ltr'>nobis</span> <span class='ocrx_word' id='word_1_231' title='bbox 364 4007 533 4067; x_wconf 82' lang='lat' dir='ltr'>tradiderint</span> <span class='ocrx_word' id='word_1_232' title='bbox 553 4024 592 4065; x_wconf 84' lang='lat' dir='ltr'>an</span> <span class='ocrx_word' id='word_1_233' title='bbox 612 4006 770 4084; x_wconf 86' lang='lat' dir='ltr'>quicquam</span> <span class='ocrx_word' id='word_1_234' title='bbox 789 4005 838 4066; x_wconf 89' lang='lat' dir='ltr'>uel</span> <span class='ocrx_word' id='word_1_235' title='bbox 858 4006 976 4066; x_wconf 90' lang='lat' dir='ltr'>eiciatur</span> <span class='ocrx_word' id='word_1_236' title='bbox 996 4024 1033 4065; x_wconf 84' lang='lat' dir='ltr'>ex</span> <span class='ocrx_word' id='word_1_237' title='bbox 1053 4025 1090 4066; x_wconf 88' lang='lat' dir='ltr'>ea</span> <span class='ocrx_word' id='word_1_238' title='bbox 1110 4007 1214 4066; x_wconf 87' lang='lat' dir='ltr'>merito</span> <span class='ocrx_word' id='word_1_239' title='bbox 1231 4003 1279 4066; x_wconf 88' lang='lat' dir='ltr'>uel</span> <span class='ocrx_word' id='word_1_240' title='bbox 1300 4005 1401 4066; x_wconf 88' lang='lat' dir='ltr'>merito</span> 
     </span>
     <span class='ocr_line' id='line_1_31' title="bbox 257 4103 1400 4182; baseline -0.003 -20"><span class='ocrx_word' id='word_1_241' title='bbox 257 4103 404 4163; x_wconf 88' lang='lat' dir='ltr'>adiciatur.</span> <span class='ocrx_word' id='word_1_242' title='bbox 454 4103 662 4165; x_wconf 80' lang='lat' dir='ltr'>Lachmannus</span> <span class='ocrx_word' id='word_1_243' title='bbox 690 4106 777 4176; x_wconf 88' lang='lat' dir='ltr'>enim,</span> <span class='ocrx_word' id='word_1_244' title='bbox 805 4114 838 4164; x_wconf 89' lang='lat' dir='ltr'>ut</span> <span class='ocrx_word' id='word_1_245' title='bbox 864 4103 1022 4182; x_wconf 86' lang='lat' dir='ltr'>archetypo</span> <span class='ocrx_word' id='word_1_246' title='bbox 1050 4105 1228 4165; x_wconf 80' lang='lat' dir='ltr'>satisfaceret</span> <span class='ocrx_word' id='word_1_247' title='bbox 1255 4106 1338 4181; x_wconf 90' lang='lat' dir='ltr'>quod</span> <span class='ocrx_word' id='word_1_248' title='bbox 1365 4120 1400 4178; x_wconf 84' lang='lat'>30</span> 
     </span>
     <span class='ocr_line' id='line_1_32' title="bbox 257 4203 1400 4280; baseline 0.003 -22"><span class='ocrx_word' id='word_1_249' title='bbox 257 4217 360 4261; x_wconf 86' lang='lat' dir='ltr'>uersus</span> <span class='ocrx_word' id='word_1_250' title='bbox 384 4203 505 4280; x_wconf 81' lang='lat' dir='ltr'>singulis</span> <span class='ocrx_word' id='word_1_251' title='bbox 529 4204 644 4280; x_wconf 79' lang='lat' dir='ltr'>paginis</span> <span class='ocrx_word' id='word_1_252' title='bbox 668 4203 819 4264; x_wconf 87' lang='lat' dir='ltr'>continere</span> <span class='ocrx_word' id='word_1_253' title='bbox 847 4205 999 4266; x_wconf 86' lang='lat' dir='ltr'>arbitratus</span> <span class='ocrx_word' id='word_1_254' title='bbox 1027 4217 1080 4274; x_wconf 90' lang='lat' dir='ltr'>est,</span> <span class='ocrx_word' id='word_1_255' title='bbox 1103 4214 1171 4280; x_wconf 89' lang='lat' dir='ltr'>post</span> <span class='ocrx_word' id='word_1_256' title='bbox 1195 4203 1288 4263; x_wconf 86' lang='lat' dir='ltr'>LXV.</span> <span class='ocrx_word' id='word_1_257' title='bbox 1310 4207 1329 4263; x_wconf 89' lang='lat'>8</span> <span class='ocrx_word' id='word_1_258' title='bbox 1353 4219 1400 4262; x_wconf 82' lang='lat' dir='ltr'>sex</span> 
     </span>
     <span class='ocr_line' id='line_1_33' title="bbox 258 4301 1400 4380; baseline 0 -22"><span class='ocrx_word' id='word_1_259' title='bbox 258 4315 359 4358; x_wconf 84' lang='lat' dir='ltr'>uersus</span> <span class='ocrx_word' id='word_1_260' title='bbox 380 4319 398 4360; x_wconf 89' lang='lat' dir='ltr'>a</span> <span class='ocrx_word' id='word_1_261' title='bbox 417 4301 549 4361; x_wconf 91' lang='lat' dir='ltr'>LXVIII</span> <span class='ocrx_word' id='word_1_262' title='bbox 570 4313 703 4380; x_wconf 88' lang='lat' dir='ltr'>sumptos</span> <span class='ocrx_word' id='word_1_263' title='bbox 719 4321 827 4375; x_wconf 80' lang='lat'>21-24,</span> <span class='ocrx_word' id='word_1_264' title='bbox 844 4305 920 4378; x_wconf 78' lang='lat'>(93),</span> <span class='ocrx_word' id='word_1_265' title='bbox 936 4305 1011 4378; x_wconf 89' lang='lat'>(92),</span> <span class='ocrx_word' id='word_1_266' title='bbox 1027 4313 1055 4362; x_wconf 91' lang='lat' dir='ltr'>et</span> <span class='ocrx_word' id='word_1_267' title='bbox 1074 4302 1153 4364; x_wconf 90' lang='lat' dir='ltr'>hunc</span> <span class='ocrx_word' id='word_1_268' title='bbox 1172 4302 1290 4380; x_wconf 87' lang='lat' dir='ltr'>quidem</span> <span class='ocrx_word' id='word_1_269' title='bbox 1304 4302 1400 4364; x_wconf 87' lang='lat' dir='ltr'>leuiter</span> 
     </span>
     <span class='ocr_line' id='line_1_34' title="bbox 259 4398 1038 4478; baseline 0.005 -23"><span class='ocrx_word' id='word_1_270' title='bbox 259 4405 402 4456; x_wconf 90' lang='lat' dir='ltr'>mutatum</span> <span class='ocrx_word' id='word_1_271' title='bbox 417 4398 609 4475; x_wconf 87' lang='lat' dir='ltr'>interpolauit.</span> <span class='ocrx_word' id='word_1_272' title='bbox 652 4400 755 4478; x_wconf 89' lang='lat' dir='ltr'>Itaque</span> <span class='ocrx_word' id='word_1_273' title='bbox 770 4400 869 4461; x_wconf 88' lang='lat' dir='ltr'>locum</span> <span class='ocrx_word' id='word_1_274' title='bbox 884 4400 925 4461; x_wconf 90' lang='lat' dir='ltr'>sic</span> <span class='ocrx_word' id='word_1_275' title='bbox 940 4401 1038 4461; x_wconf 86' lang='lat' dir='ltr'>scribit</span> 
     </span>
    </p>
   </div>
   <div class='ocr_carea' id='block_1_13' title="bbox 0 0 1552 5066">
    <p class='ocr_par' dir='ltr' id='par_1_14' title="bbox 0 0 1552 5066">
     <span class='ocr_line' id='line_1_35' title="bbox 0 0 1552 5066; baseline 0 0"><span class='ocrx_word' id='word_1_276' title='bbox 0 0 1552 5066; x_wconf 95' lang='lat' dir='ltr'> </span> 
     </span>
    </p>
   </div>
  </div>
 </body>
</html>
