3136 5060
617 417 673 476 AD
701 419 796 478 XXV.
817 433 845 492 5.

364 601 405 655 καὶ
417 599 441 655 δ’
454 601 486 656 δν
499 601 541 655 ἐπὶ
553 602 632 675 ξηρὴν
644 601 682 656 δι”
696 603 800 677 ἰρφδιός
813 603 844 658 οὗ
857 604 920 658 κατὰ
934 605 1032 675 κόσμον

363 698 394 770 ἐξ
405 698 471 757 ἁλός
483 701 589 772 ἔρχηται
602 703 677 773 φανῇ
690 703 750 774 περὶ
762 703 852 757 πολλὰ
864 704 980 772 >relatur

363 800 497 870 κινομίνοο
510 823 537 856 ιιι
550 802 689 857 θάλασσαν
701 801 881 876 ὑπερφορίοιτ’
894 803 998 874 ἀνέμοιο

362 976 452 1036 Reua
453 979 548 1057 fulix
561 971 650 1038 r'tr‘deru
653 979 775 1056 fugiens
788 1001 802 1038 e
808 984 923 1057 gurgite
929 983 1013 1056 penti

362 1076 493 1136 Nuuciizl
502 1079 648 1137 horribiles
661 1081 785 1138 clamans
799 1083 903 1138 eirslare
912 1082 1046 1156 procellas

362 1174 457 1235 Haud
467 1177 582 1236 modulos
594 1179 839 1256 tremulosuudeus
852 1185 990 1256 egullure
1002 1187 1100 1239 cautus

161 1339 256 1399 neque
271 1324 351 1383 aliter
366 1325 497 1387 Auienus
513 1342 572 1402 350

362 1459 405 1517 El
416 1479 477 1518 mm
485 1471 580 1535 parua
582 1461 675 1537 fulix
687 1461 789 1536 trepido
796 1465 867 1536 petil
878 1481 952 1520 arua
966 1463 1060 1520 uolatu

362 1555 472 1633 Stagna
485 1559 577 1616 seirent
590 1561 737 1635 longasque
749 1561 832 1617 iterat
843 1560 972 1636 clangore
984 1560 1127 1634 querellas,

361 1654 475 1714 Iudicat
486 1656 681 1733 rusumrfrela
694 1675 763 1716 mox
775 1677 912 1716 canescere
924 1660 1014 1716 uentri

158 1819 327 1880 quanquam
341 1807 446 1881 ἐρῳδιὸς
459 1806 546 1865 ardea
563 1807 680 1882 proprie
699 1824 760 1865 non
775 1805 843 1865 fulix
858 1807 972 1866 uidetur
984 1807 1049 1866 dici.
1092 1806 1222 1866 Auienus
1237 1808 1301 1884 qui·

158 1900 227 1960 dem
242 1903 271 1959 in
284 1903 426 1962 uertendo
440 1903 570 1963 Diosem.
586 1907 652 1975 184,
664 1917 691 1978 5,
706 1904 757 1981 qui
770 1922 872 1964 uersus
886 1922 947 1964 non
960 1905 1019 1964 iam
1033 1904 1112 1982 apud
1126 1903 1301 1964 Ciceronem

158 2009 208 2057 aut
222 1998 430 2058 Germanicum
445 2010 544 2059 extant

360 2133 401 2187 ital
414 2154 478 2188 aare
492 2134 533 2188 real
546 2133 641 2206 κέπφοι
656 2134 729 2188 ὁπότ’
743 2135 823 2189 εὔδιοι
836 2135 977 2190 ποτέονται

360 2231 433 2286 duria
445 2233 596 2301 μελλόντων
608 2231 702 2303 ἅιέμιιν
715 2233 804 2302 euque
818 2233 942 2304 φίρονται

157 2377 233 2437 adeo
248 2378 285 2436 ab
299 2378 391 2436 Arato
405 2378 536 2438 discessit
550 2387 582 2436 ut
594 2381 696 2450 κέπφοι
710 2378 813 2438 dixerit
829 2387 960 2437 strumum
977 2381 1073 2453 (356).
1114 2377 1185 2437 Non
1206 2379 1302 2454 magis

157 2487 291 2535 accurate
306 2476 471 2552 Hesychius
485 2477 542 2549 til·
571 2481 586 2532 ό
600 2479 680 2549 λάρος
693 2482 756 2533 κατὰ
770 2476 891 2534 Ἀνίωνα·
911 2478 1015 2551 λέγεται
1029 2479 1057 2533 δι’
1072 2479 1113 2533 καὶ
1126 2480 1214 2549 edun?
1235 2479 1303 2536 ruis

157 2577 187 2631 δδ
200 2573 310 2649 εὐφυΐαν
322 2577 501 2647 ἀποδιδόασιν,
516 2579 541 2631 οδ
554 2577 583 2632 δι’
597 2576 699 2648 κέπφον
712 2578 737 2630 ol
750 2577 779 2631 di
792 2575 949 2649 διοφίροντα
964 2577 1095 2647 ἀλλήλων.

198 2673 324 2732 Gauiam
337 2673 442 2732 Latine
459 2692 513 2750 pro
533 2674 621 2732 stulto
638 2674 710 2750 poni
729 2691 790 2732 non
811 2674 880 2745 scio,
896 2673 949 2733 sed
963 2673 1057 2750 potuit
1073 2674 1103 2732 in
1116 2673 1228 2750 uulgari
1242 2691 1302 2732 ser·

156 2789 254 2842 mone,
274 2772 525 2848 quemadmodum
545 2772 625 2831 Italis
646 2771 733 2831 hodie
754 2772 930 2848 gabbiana
951 2782 980 2831 et
1000 2773 1077 2831 larus
1097 2781 1191 2831 estet
1211 2772 1303 2831 homo

156 2871 288 2946 simplex.
344 2869 436 2929 Morri
463 2869 658 2930 Vocubolario
687 2870 1003 2946 Romagnolo·1taliani
1031 2871 1168 2930 Gabian
1198 2888 1303 2931 uomo

155 2970 297 3029 sciocco
330 2969 497 3044 semplice
529 2969 718 3028 materiale.
769 2968 929 3028 Cherubini
949 2968 1063 3029 Vocab.
1086 2968 1304 3029 Milanese-lta·

154 3067 234 3126 liano
248 3065 410 3127 Gabbitn
429 3067 639 3127 Gabbianna
656 3067 822 3126 Gabbibtt
839 3067 1016 3138 Merlotto,
1032 3067 1149 3127 Badie.
1190 3066 1302 3128 Pariter

154 3166 244 3242 Angli
272 3167 426 3226 stultorum
452 3167 573 3226 nomina
598 3185 635 3224 ex
663 3167 766 3225 auibus
792 3166 912 3226 marinis
939 3166 1048 3225 habent
1073 3166 1202 3225 deriuata
1227 3166 1299 3226 haec

155 3265 272 3336 ‘Gull‚
298 3265 406 3336 Leon,
432 3264 570 3341 Noddy'
596 3283 651 3324 nec
675 3284 693 3325 a
717 3283 788 3325 uero
812 3266 947 3324 abhorret
971 3265 1052 3342 quod
1076 3265 1107 3322 in
1130 3265 1299 3324 hominibus

154 3365 272 3440 signum
286 3375 331 3423 est
345 3364 479 3423 stultitiae
494 3365 524 3423 id
537 3365 561 3422 si
575 3364 605 3421 in
623 3383 678 3423 aue
697 3365 793 3440 aliqua
811 3382 880 3442 prae
899 3364 1002 3423 ceteris
1018 3363 1299 3422 inueniatur—osci·

154 3473 217 3522 tant
245 3473 343 3522 autem
369 3464 400 3520 in
428 3463 527 3540 primis
554 3462 615 3534 lari,
642 3473 715 3522 teste
744 3461 819 3522 Raio
847 3465 877 3522 in
902 3463 1070 3538 Willughbii
1093 3461 1300 3536 Ornithologia

154 3579 184 3638 p.
201 3561 387 3636 351-huius
411 3579 521 3620 nomen
544 3571 685 3637 tanquam
710 3562 894 3620 stultissimae
919 3561 957 3620 ad
980 3560 1115 3620 homines
1143 3558 1299 3618 transferri.

154 3661 193 3719 Et
205 3663 237 3718 in
251 3659 357 3720 Catulli
377 3660 443 3719 loeo
464 3678 526 3718 non
547 3669 607 3718 tarn
628 3659 797 3719 transfertur
817 3660 989 3737 significatio
1009 3677 1098 3736 quam
1120 3677 1188 3718 cum
1208 3656 1300 3716 altera

154 3760 355 3835 coniungitru;
377 3758 463 3836 gauia
481 3759 560 3817 enim
578 3759 706 3819 oscitans
725 3769 754 3817 et
772 3759 864 3818 homo
882 3759 1005 3835 simplex
1022 3770 1068 3819 est
1083 3768 1112 3817 et
1129 3757 1191 3817 auis
1204 3773 1300 3832 augur

154 3858 370 4016 pmlllilnaseimus
388 3957 427 4015 ad
444 3958 540 4033 priora
560 3953 645 4014 Cum
667 3955 747 4014 diua
767 3955 896 4014 mulier.
940 3954 1004 4012 lam
1018 3950 1161 4028 Bergkius
1175 3952 1205 4009 in
1220 3950 1298 4010 Mus.

155 4056 252 4115 Rhen.
267 4055 351 4114 XIX.
367 4058 425 4129 605
447 4055 613 4114 emendarat
634 4053 720 4113 Cum
745 4054 826 4113 diua
849 4053 1015 4112 muttiens
1039 4069 1131 4122 aues,
1151 4050 1179 4108 h.
1191 4066 1219 4108 e.
1241 4049 1298 4108 La-

154 4175 253 4216 uerna.
295 4155 394 4214 Acron
422 4154 461 4214 ad
484 4153 558 4213 Hor.
579 4153 812 4231 Epp.1.16.60
838 4151 964 4226 [Furum
988 4152 1047 4223 dea]
1075 4149 1211 4208 Lauerna
1237 4151 1300 4206 uiae

154 4253 290 4314 Salariae
312 4253 405 4311 lucum
425 4253 511 4324 babel,
531 4260 571 4311 esl
592 4259 681 4311 aulem
702 4253 752 4309 dea
764 4251 883 4329 surum.
926 4248 1116 4308 Simulacrum
1138 4250 1195 4305 eius
1208 4248 1300 4325 sures

154 4355 246 4411 colunt
257 4360 310 4411 aul
320 4355 387 4428 queit
400 4353 514 4410 consilia
527 4371 579 4410 rua
592 4354 676 4410 iacula
690 4352 794 4420 uolunt,
808 4356 859 4408 aul
870 4351 935 4425 quia
949 4367 1010 4406 erem
1023 4349 1128 4405 silentio
1137 4357 1229 4423 preces
1241 4349 1300 4404 eius

155 4460 327 4513 exercentur.
361 4453 510 4514 Arnobius
524 4454 590 4513 adu.
606 4451 692 4512 Gent.
703 4449 759 4512 ΙΙΙ.
773 4453 809 4509 2⁶
825 4448 893 4509 Neu
905 4448 1169 4509 commeruerabimur
1183 4447 1300 4506 hocloco

694 4589 772 4638 SS2
