3118 5054
562 431 924 496 PROLEGOMENA.
1260 441 1318 498 xliii

160 637 235 678 num
341 617 381 678 nil
394 637 530 678 ueremur
632 619 668 677 ln
683 611 759 678 festo
860 637 919 696 qua
933 621 1002 679 libet
1016 631 1047 680 ut
1061 621 1130 680 libet
1230 621 1318 682 Nunc

160 739 256 780 unum
272 720 388 797 excipio
491 719 618 778 attractis
633 720 757 797 pedibus
860 721 919 792 Qui
935 735 1004 781 sunt
1017 722 1154 783 molliculi
1258 724 1319 796 Qui

160 837 230 878 curn
245 819 374 895 denique
457 819 574 877 lombos
665 817 690 876 Θ
706 817 832 878 Colonia
846 837 907 878 uno
922 838 997 896 quae
1013 820 1095 896 cupis
1113 831 1204 898 ponte
1219 823 1319 883 ludere

160 916 255 992 longo
357 916 519 975 irrediuiuis
632 917 728 974 bonus
743 923 768 975 &
783 935 819 974 ex
834 927 884 976 tua
1000 919 1047 976 uel
1062 919 1123 977 salii
1137 920 1185 978 uel
1199 923 1317 980 subsalii

160 1014 226 1073 Nec
243 1032 275 1073 se
289 1014 422 1073 subleuat
505 1013 595 1073 Hunc
609 1032 701 1090 quom
716 1015 786 1072 uolo
801 1015 837 1073 de
852 1026 903 1074 tuo
977 1016 1144 1093 delinquere
1220 1021 1317 1096 Atque

159 1114 184 1170 si
202 1113 313 1172 laceres
405 1111 535 1171 Nemeus
551 1129 622 1188 puer
714 1112 760 1171 Ne
775 1112 864 1170 finem
879 1111 984 1172 faciam
1067 1115 1108 1173 sic
1124 1125 1154 1174 ut
1169 1117 1199 1174 llt
1215 1117 1317 1193 palini-

160 1220 251 1287 cepto
369 1209 454 1269 Idem
468 1210 497 1267 ni
513 1209 622 1268 facetus
637 1219 682 1268 est
695 1216 721 1268 tc
735 1211 765 1267 in
783 1208 879 1269 laceto
897 1229 961 1270 rure
1079 1231 1170 1288 quom
1192 1215 1316 1290 coquitis

159 1309 287 1367 habietis
400 1309 514 1368 sibene
529 1327 564 1367 ac
579 1310 665 1367 beate
778 1326 830 1367 sex
845 1310 983 1368 sestercia
1095 1311 1316 1372 iuuenculorum

159 1406 233 1464 mihi
248 1406 381 1465 dedisses
396 1407 495 1478 Quam
510 1407 555 1464 isti
665 1407 751 1465 obice
766 1407 907 1483 eleuaque
1017 1405 1117 1480 Quom
1133 1410 1201 1468 diua
1215 1410 1318 1469 mulier

160 1523 231 1563 aues
246 1506 377 1565 ostendit
391 1507 549 1564 oscitantes
667 1506 801 1563 satabum
873 1549 875 1554 .
918 1515 1063 1580 tynnos¹
1130 1505 1197 1578 Que
1212 1511 1317 1568 nuncis

160 1605 295 1662 oribilem
407 1604 504 1662 habite
618 1603 768 1662 sarcinolis
880 1605 910 1661 in
924 1605 1030 1662 talibus
1044 1614 1124 1682 patet
1226 1625 1317 1684 uerpa

161 1701 243 1760 Facti
258 1703 327 1760 estis
429 1702 484 1760 hec
499 1702 663 1761 uidebimus
678 1713 707 1759 et
721 1701 797 1760 feres
897 1702 1030 1778 ydoneus
1132 1704 1187 1762 hec
1202 1705 1316 1764 uidebis

160 1819 200 1858 an
230 1819 336 1876 purum
366 1800 489 1859 elluatus
517 1811 561 1860 est
687 1798 778 1859 Hunc
802 1799 897 1859 Gallie
925 1801 1007 1859 timet
1033 1810 1109 1860 terra
1136 1813 1165 1861 et
1194 1804 1315 1862 britania

161 1897 226 1956 lam
241 1899 367 1974 prodere
380 1900 439 1956 iam
454 1917 501 1956 me
516 1916 577 1956 non
593 1897 708 1958 dubitas
864 1897 1009 1956 fallacium
1164 1899 1231 1958 Neu
1245 1902 1315 1977 quid

159 1996 269 2054 iaciant
284 1997 385 2055 dicunt
399 1996 534 2054 homines
659 2007 718 2054 tute
733 1995 854 2054 uidebas
976 1997 1013 2055 ad
1028 2007 1077 2054 tua
1092 1997 1169 2056 dicta
1283 2009 1315 2057 ut

159 2095 199 2152 dii
214 2095 411 2153 meminerunt
488 2102 634 2170 neptunus
716 2094 811 2171 Oqui
825 2094 936 2153 solutus
1020 2094 1175 2171 hipslthilla
1257 2115 1314 2154 neu

158 2193 248 2252 libeat
263 2193 314 2251 tibi
417 2193 549 2252 olatona
651 2194 811 2270 Antiquam
914 2194 1026 2251 Ambas
1044 2194 1164 2254 iniciens
1261 2197 1315 2252 im-

158 2303 282 2368 potente
296 2310 398 2350 amore
509 2292 590 2350 Ham
605 2311 664 2367 quo
680 2303 812 2368 tempore
827 2292 896 2368 legit
912 2292 1073 2350 indotatem
1185 2295 1314 2356 nnuales

157 2391 254 2449 uolusi
374 2389 524 2466 Collisque
549 2390 718 2449 amathunta
743 2408 858 2466 queque
884 2401 912 2448 et
936 2390 1020 2467 palos
1143 2391 1312 2468 dyrachium

156 2489 325 2548 confutuire
408 2489 587 2564 scipionibus
669 2499 697 2548 et
713 2489 831 2566 quidem
846 2489 876 2547 id
891 2489 1012 2564 dignum
1026 2500 1070 2548 est
1165 2491 1311 2550 semitauri

157 2605 256 2662 neque
270 2587 435 2662 elegantem
450 2587 572 2645 arbitror
654 2605 760 2662 parcus
774 2587 878 2644 umber
959 2586 1083 2646 lauinius
1098 2605 1165 2646 acer
1238 2607 1312 2665 quo-

157 2685 230 2761 quid
259 2685 383 2761 quisque
410 2685 515 2742 minxit
542 2683 600 2743 hoc
628 2685 703 2743 solet
731 2681 786 2743 sibi
814 2702 902 2742 mane
980 2723 984 2730 =
1046 2697 1141 2744 tusam
1171 2687 1312 2745 defricare

156 2787 185 2842 A
200 2803 303 2842 mean
318 2785 366 2842 illa
453 2795 554 2860 rogate
568 2783 672 2855 Qaulis
687 2784 723 2842 sit
738 2825 746 2842 .
761 2783 836 2842 solet
849 2784 905 2842 hec
989 2784 1153 2844 iocundum
1169 2803 1216 2842 me
1231 2796 1313 2861 putat

157 2903 224 2942 esse
237 2883 345 2942 mecha
359 2883 450 2959 turpis
521 2883 567 2942 En
583 2893 671 2958 negat
685 2882 756 2940 mihi
770 2891 868 2941 uestra
936 2882 1047 2941 olidum
1062 2884 1184 2960 lupanar
1253 2883 1312 2942 Sed

156 3001 221 3042 non
236 2992 282 3042 est
296 2991 395 3041 tamen
410 2983 468 3042 hoc
483 2984 552 3042 satis
570 2982 733 3058 putandum
853 2983 1018 3058 modusque
1033 2983 1117 3040 nobis
1235 2983 1312 3042 sabi-

157 3099 231 3140 num
264 3082 410 3158 pirrgnore
547 3079 624 3139 Villa
653 3099 660 3139 ε
688 3081 744 3138 alia
773 3099 891 3157 quoque
922 3091 1043 3156 pectore
1074 3081 1213 3157 expulsus
1245 3099 1310 3140 sum

156 3191 276 3238 ueretur
296 3197 381 3238 mens
486 3180 645 3256 peritorum
743 3177 817 3238 ultra
838 3188 993 3256 peccatum
1076 3179 1128 3238 sed
1153 3180 1191 3238 illi
1217 3181 1311 3239 sextio

157 3279 276 3336 Acmen
359 3279 473 3336 sinistra
488 3289 519 3336 ut
533 3288 600 3336 ante
615 3276 726 3336 Dextra
740 3269 861 3336 sternuit
876 3276 1088 3354 approbatione
1170 3297 1236 3336 mea
1250 3278 1311 3337 uita

158 3372 319 3452 Septimius
333 3376 379 3434 ille
441 3377 555 3434 sinistra
568 3386 600 3434 ut
614 3387 681 3434 ante
695 3375 806 3434 Dextra
821 3377 942 3434 sternuit
955 3373 1167 3452 approbatione
1230 3376 1312 3434 bona

157 3473 284 3551 proiecti
406 3493 499 3533 unum
513 3475 664 3551 septimius
787 3472 937 3532 locundus
951 3473 1060 3550 zephiri
1179 3473 1311 3550 Niceque

158 3572 306 3648 Pontique
321 3579 346 3631 ἀ
362 3572 460 3630 Sicion
597 3572 747 3648 famesque
769 3571 868 3630 mendi
1005 3571 1035 3630 in
1050 3571 1134 3630 triuio
1148 3573 1311 3631 uoratiores

158 3671 224 3730 Nec
238 3689 371 3747 unquam
385 3671 453 3729 inde
467 3683 546 3730 satur
560 3688 611 3729 cor
625 3683 669 3730 est
683 3671 812 3731 futurum
894 3669 986 3729 Hunc
999 3671 1095 3729 audax
1110 3689 1217 3729 caueas
1285 3673 1310 3730 si

156 3769 232 3845 phas
247 3780 292 3827 est
374 3768 444 3826 nihil
458 3779 503 3827 est
517 3785 654 3844 suprema
729 3769 865 3828 tintinant
941 3766 1050 3827 Ocium
1065 3786 1149 3844 reges
1222 3767 1310 3829 Meos

157 3868 289 3925 carmina
308 3866 407 3925 saluus
528 3866 686 3926 Adminris
807 3867 832 3924 li
847 3867 947 3944 magni
961 3865 1156 3943 Salipontium
1170 3867 1309 3926 disertum

157 3965 205 4024 lre
219 3966 327 4024 rustice
423 3965 572 4040 despicere
586 3965 692 4024 uellem
787 3965 899 4024 sufficio
915 3967 1028 4024 seniore
1044 3965 1116 4024 otho
1207 3967 1309 4025 Orosi

157 4065 208 4122 tibi
231 4064 307 4122 sorte
328 4081 391 4122 non
412 4064 569 4124 molestum
590 4075 634 4122 est
729 4063 923 4123 Demonstres
1030 4075 1058 4122 te
1079 4065 1258 4141 quesiuimus
1280 4067 1309 4125 in

158 4163 273 4221 minore
289 4181 396 4238 campo
460 4163 567 4223 summi
583 4163 657 4221 iouis
725 4178 829 4221 sereno
895 4162 973 4221 Audi
988 4162 1013 4220 si
1027 4180 1083 4238 ego
1099 4173 1127 4221 te
1142 4161 1309 4239 flagitabam

158 4259 319 4334 Quendam
334 4251 446 4320 nudum
461 4279 519 4338 ego
533 4279 611 4320 nunc
626 4261 753 4320 reducite
768 4261 888 4338 inquam
990 4261 1037 4319 En
1051 4261 1098 4321 hic
1203 4262 1261 4320 Sed
1281 4274 1309 4323 te

156 4360 215 4420 iam
235 4359 296 4420 iere
316 4359 451 4420 Herculis
472 4360 556 4418 labos
577 4370 622 4418 est
639 4367 696 4418 tum
717 4359 787 4418 Non
809 4370 908 4418 custos
930 4377 987 4434 ego
1009 4359 1103 4435 fingar
1124 4360 1169 4418 ille
1188 4359 1308 4422 Cretum

158 4458 228 4517 Non
243 4459 336 4518 bedas
351 4477 409 4534 ego
423 4455 591 4534 penniferue
673 4458 712 4516 Et
726 4457 915 4533 languoribus
930 4457 1045 4518 acribus
1120 4457 1307 4536 Audaterque

698 4574 779 4654 *ga
