3136 5060
258 411 319 468 850
719 405 941 468 EXCVRSVS.

256 595 407 654 uocabulis
432 613 508 672 quae
534 595 661 654 sonituum
686 593 861 663 describunt,
881 593 993 650 literam
1013 593 1023 650 i
1043 591 1197 668 praecipue
1221 587 1400 648 affectabant

259 693 395 764 Romani,
417 693 505 770 idque
532 709 594 752 nou
621 691 716 752 solum
740 691 790 750 ubi
814 689 1005 768 praecedente
1032 690 1121 748 alteru
1141 689 1151 748 i
1173 705 1263 747 causa
1285 686 1402 746 accedit

256 793 474 862 consonanthe,
496 803 528 851 ut
548 791 673 868 plrpr‘orc
699 791 839 868 toirm'pare
865 791 1008 848 emmau
1032 790 1127 846 tr'tr'm
1146 789 1267 864 pr‘pr'tare
1289 787 1400 862 qru'rrr'-

256 901 320 950 ran
337 891 458 962 altiore,
479 891 533 950 sed
553 891 641 950 etiam
664 889 734 949 alias
754 899 787 948 ut
806 889 940 947 trucr'lure
952 889 1083 965 puritate
1101 887 1239 964 mugrlore
1252 887 1402 962 grauiore

251 989 411 1064 pluuntore
433 988 594 1064 glaucr'tore
608 987 751 1065 sautiare
776 988 907 1044 sarowe
927 987 1067 1060 posature
1092 984 1238 1042 bomh'lore
1263 993 1296 1040 ut
1325 981 1399 1040 nun]

258 1087 354 1146 dicum
373 1087 410 1146 de
426 1087 461 1145 iis
474 1087 525 1146 ubi
538 1087 548 1144 i
561 1086 681 1162 singulis
695 1085 811 1162 syllabis
825 1085 951 1144 recurrit„
965 1095 997 1142 ut
1010 1084 1122 1142 hriom're
1139 1084 1249 1140 mu'ccr're
1268 1083 1399 1138 mr'ntn're

251 1186 367 1262 glr‘tcr're
387 1185 538 1264 fintl'm're
571 1187 688 1262 mrpr're
705 1185 864 1263 srrtrirm're
893 1187 1019 1242 utium're
1042 1229 1049 1242 .
1075 1182 1254 1259 Pipillauti
1293 1180 1400 1256 legitur

257 1285 345 1342 et'um
367 1285 397 1342 iu
417 1283 602 1360 inscriptione
627 1283 778 1361 sepulcrali
800 1301 837 1342 ex
859 1301 929 1342 uase
951 1293 1075 1359 sumpta,
1095 1279 1208 1358 (Meyer
1229 1278 1397 1338 Anthell.

262 1379 352 1459 ¹⁴59)
379 1401 455 1460 quae
482 1384 507 1441 si
534 1383 646 1442 sincera
666 1393 710 1441 est
734 1383 772 1442 ad
794 1380 900 1441 Catulli
927 1399 1045 1442 oermeu
1073 1389 1190 1456 spectat
1245 1377 1400 1436 Luscr‘mire

257 1480 447 1540 Promeae.
471 1499 511 1540 cx
533 1483 644 1540 araone
667 1479 862 1552 Domuum,
882 1481 990 1540 selecta
1013 1480 1174 1538 uersicolori
1192 1478 1401 1555 pulchernme

257 1582 408 1638 contotrr'a'
426 1581 607 1638 metrae
624 1579 748 1637 omm'bus
763 1581 869 1656 grotri'r
892 1579 933 1636 od
948 1580 1066 1654 degu'tum
1082 1577 1229 1655 pr'pr'llmti
1241 1622 1248 1635 .
1262 1621 1270 1635 .
1286 1621 1293 1636 .
1309 1621 1316 1634 .
1331 1575 1400 1634 Heu

259 1681 363 1740 miella
375 1681 488 1738 curule
501 1679 566 1738 heiu
579 1679 641 1738 inde
653 1679 789 1738 uolitabat
801 1686 856 1738 toto
864 1680 989 1754 garrula
1003 1683 1058 1736 toto
1059 1677 1178 1755 sutriae.

542 1991 744 2052 ADDENDA
775 1991 1107 2054 PROLEGOMENIS.

298 2185 387 2244 Locis
408 2203 483 2264 quos
504 2205 541 2246 ex
565 2183 682 2246 Catullo
702 2187 805 2246 citatos
828 2187 952 2246 sacculis
975 2184 1058 2258 XIV,
1078 2184 1135 2243 XV
1157 2186 1236 2246 attuli
1257 2185 1399 2264 Prolego-

258 2301 367 2342 menon
381 2303 430 2360 pp.
444 2287 531 2344 x-xvi
544 2285 574 2344 hi
587 2285 737 2344 accedunt

298 2417 372 2477 Cotl
388 2417 470 2478 Harl
486 2421 574 2493 ⁶5¹⁴·
606 2417 729 2478 Dirceur
748 2418 897 2496 Amphion.
938 2417 1086 2495 Illotquae
1100 2425 1215 2495 propter
1235 2419 1397 2495 uoluptatem

257 2518 495 2593 romndr'totemque
524 2536 593 2592 quae
621 2518 684 2576 inu
715 2517 791 2576 nobo
818 2519 985 2594 perueniant
1009 2519 1196 2594 propominur,
1223 2537 1276 2576 non
1308 2524 1398 2576 ouum

252 2623 366 2692 propter
381 2617 540 2692 dignitatem
556 2623 608 2674 aut
623 2615 788 2674 utr‘lr‘totew
814 2616 881 2674 hinc
903 2633 1025 2692 passer
1052 2616 1173 2676 delitic
1200 2633 1296 2675 meae
1320 2617 1400 2676 dicit

259 2713 396 2774 Catullus.
447 2711 485 2770 In
501 2713 649 2788 sambri
664 2721 753 2770 auom
774 2713 895 2772 delitia
917 2714 994 2790 tigoni
1007 2714 1105 2790 speaks
1122 2722 1163 2772 est
1177 2721 1228 2772 out
1243 2733 1262 2772 o
1282 2716 1399 2774 colmiae

256 2812 382 2886 nugulas
402 2829 501 2868 uersus
516 2809 705 2887 sustrssgz'otum
726 2807 756 2889 (l.
775 2809 963 2890 fastigiatum)
984 2813 1140 2871 collocatum
1164 2813 1233 2871 uude
1256 2821 1283 2870 rt
1301 2820 1398 2872 tectum

257 2909 409 2966 deletorum
428 2914 455 2964 ct
469 2907 555 2985 tegulo
574 2909 714 2967 deletrieres
728 2953 735 2968 .
749 2909 801 2968 brit
821 2913 889 2968 titus
910 2909 1003 2988 (Hine
1019 2909 1117 2990 Titus)
1139 2910 1301 2987 Vesposoizm'
1313 2913 1399 2989 filius

251 3011 367 3082 propter
379 3005 545 3064 clementium
557 3012 584 3064 et
595 3007 783 3066 h‘beroluatenr
796 3027 876 3066 suom
889 3009 977 3068 deletu
989 3008 1224 3087 humonr'generir
1236 3011 1324 3072 dictus
1337 3019 1385 3070 est.

298 3137 376 3198 Vide
390 3137 468 3197 Paul
484 3137 567 3198 Diae.
581 3156 610 3215 p.
627 3153 643 3212 7
648 3157 664 3214 3
680 3137 811 3212 Mueller,
827 3139 946 3200 Sueton.
961 3139 1047 3200 Titus
1061 3141 1084 3200 1.

300 3269 455 3330 Petrarcha
474 3271 506 3328 de
526 3271 651 3330 reaudri's
670 3274 814 3348 utrricsque
821 3271 962 3350 fortunae
982 3273 1075 3333 Praei.
1091 3273 1155 3334 Lib.
1170 3273 1210 3334 11.
1231 3293 1259 3352 p.
1278 3293 1333 3348 ¹04
1352 3278 1399 3336 erl

259 3369 346 3429 Basil.
360 3373 434 3442 1581
459 3367 613 3427 Stultorum
633 3371 711 3428 rrius
724 3389 776 3446 quo
789 3373 875 3448 riupto
888 3390 933 3429 rer
946 3371 1061 3446 r'neptrirr
1077 3373 1157 3432 nulla
1170 3382 1210 3432 est
1223 3382 1255 3432 ut
1268 3373 1401 3434 Catullus

259 3471 308 3526 or't.
350 3465 395 3526 Cf.
410 3465 474 3526 Cat.
489 3466 630 3526 XXXIX
645 3469 690 3525 16.

300 3597 343 3656 let
359 3598 382 3657 1.
398 3613 445 3672 59,
465 3617 494 3674 p.
511 3613 549 3671 55
564 3597 609 3656 ed.
626 3597 711 3657 Basil.
761 3598 868 3658 Pastor
887 3602 944 3659 eris
965 3601 1081 3679 effetum
1102 3604 1158 3661 urle
1176 3603 1320 3662 laudatum
1340 3605 1404 3664 licet

257 3715 276 3754 a
297 3697 392 3754 multr's
412 3703 475 3754 onte
494 3697 563 3754 olr'os
583 3716 602 3754 a
626 3695 737 3756 Catullo
758 3696 909 3758 Veronensi.
951 3699 987 3758 ln
1007 3719 1067 3778 quo
1088 3721 1198 3762 errasse
1215 3703 1401 3763 Petrarcharu

259 3794 445 3854 manifestum
460 3805 504 3854 est
512 3813 521 3867 ;
542 3805 660 3854 uenerat
674 3795 704 3854 in
717 3808 846 3856 mentem
859 3796 968 3858 Tibulli
982 3799 1031 3858 l.1
1048 3801 1095 3860 uel
1110 3801 1132 3859 I.
1146 3817 1163 3876 5
1177 3803 1224 3860 uel
1238 3801 1277 3862 11.
1291 3821 1308 3878 3
1323 3821 1402 3880 quae

259 3893 361 3969 Elegia
376 3904 436 3952 tota
449 3904 494 3952 est
508 3893 546 3954 de
560 3913 633 3953 rure.

299 4028 342 4087 lu
358 4028 381 4087 1.
394 4030 442 4103 69,
457 4047 484 4105 p.
497 4031 535 4105 63
553 4027 679 4100 Quidex
692 4035 793 4090 uestris
810 4031 930 4091 Ouriitot
945 4032 1078 4093 carator
1090 4033 1258 4111 Propertio?
1274 4035 1404 4095 Vitullor

257 4145 376 4202 quorum
397 4129 504 4185 nullum
515 4128 613 4206 sermo
630 4131 691 4188 ntir‘
704 4133 870 4190 amatorium
888 4140 929 4190 est
936 4143 1040 4208 poema.
1082 4133 1179 4193 Etiam
1200 4135 1229 4193 in
1246 4134 1290 4194 his
1307 4135 1403 4194 Nulla

247 4224 354 4301 fugae,
368 4226 447 4283 nulla
467 4237 525 4301 spes
545 4229 633 4304 rgu'tm
650 4234 691 4285 est
706 4229 806 4288 salutis
822 4249 896 4306 quae
915 4233 945 4290 in
962 4233 1067 4292 eodem
1084 4233 1158 4292 libro
1172 4253 1200 4310 p.
1214 4253 1250 4308 32
1266 4233 1403 4310 leguntur

259 4323 406 4383 Catullum
435 4323 555 4384 fortusse
585 4327 718 4402 respexit.
771 4327 816 4387 ct
837 4329 944 4388 LXIV.
964 4333 1019 4388 186
1042 4330 1145 4390 Nulla
1169 4331 1271 4408 fugae
1296 4335 1400 4404 ratio,

174 4479 176 4484 .
259 4423 355 4482 nulla
376 4441 469 4500 spes.
