3136 5060
547 311 791 418 'CARMINVM
816 313 1005 374 CATVLLI.
1295 319 1354 378 298

203 493 310 566 habeo,
321 502 487 572 postremos
497 503 555 554 tres
566 512 668 554 uersus
678 513 732 572 per
745 513 778 555 se
792 503 869 555 stare
882 504 1022 573 anquam
1036 514 1055 557 a
1067 495 1171 556 ceteris
1184 495 1355 558 &dandos

203 592 320 652 Priores
340 590 484 652 Franlrius
504 591 547 652 sic
567 592 683 652 ordinat
704 595 782 668 ³835
803 593 913 670 inquo
935 593 1038 654 deesse
1058 610 1125 653 reor
1145 593 1253 671 aliquid
1274 593 1355 671 quod

203 691 370 768 aequalitati
391 689 571 752 Catullianae
594 691 758 752 satisfaciat.
799 690 960 751 Possumus
985 694 1003 750 8
1025 709 1129 752 uersus
1152 692 1184 751 in
1205 712 1261 767 4.4
1282 693 1354 753 dini-

204 789 291 861 dere;
313 807 375 867 quo
396 788 475 848 lacto
495 788 597 848 similis
617 788 715 848 euadit
736 787 865 865 Prologo
884 787 973 850 Persi
1016 788 1075 849 Sed
1094 789 1244 868 Coningto
1265 791 1356 852 obicit

204 901 356 962 uersum7
375 885 877 962 Oqarlirolutisestlcatrirscarr's?
896 904 964 945 cum
981 897 1087 947 octauo
1103 886 1176 948 em
1194 906 1268 948 mens
1285 907 1356 948 onus

205 986 314 1060 reponat
332 1004 367 1043 ac
385 985 535 1061 peragratio
554 984 660 1043 arctius
681 983 837 1044 cohaerere
854 1001 944 1061 quam
965 985 1015 1061 qui
1035 985 1073 1044 ab
1093 1001 1131 1044 eo
1152 985 1355 1060 abscindatur;

205 1083 333 1161 quodsi
354 1081 506 1142 admiseris
527 1081 632 1142 cadere
652 1083 845 1159 partitionem
887 1081 972 1141 idem
991 1083 1082 1142 secuti
1101 1082 1148 1142 alii
1166 1083 1208 1142 sic
1222 1085 1355 1144 diuidunt

207 1201 310 1257 3344,
333 1180 638 1256 alii331÷3÷13.
680 1180 764 1240 Prius
778 1199 840 1240 non
853 1180 1099 1242 recteselnbere
1114 1181 1262 1253 iamdixi;
1283 1201 1354 1242 nant

205 1298 253 1339 uu
267 1298 366 1352 12-14
380 1297 434 1356 per
447 1296 479 1339 se
493 1288 569 1338 stare
582 1277 641 1338 hoc
654 1288 699 1338 est
712 1279 793 1356 qnod
806 1295 899 1338 unum
912 1290 957 1338 est
970 1298 1025 1356 pro
1039 1279 1198 1356 explorato.
1227 1279 1354 1340 Carmen

204 1379 235 1436 in
258 1395 297 1452 33
322 1383 459 1451 r÷3÷r
479 1395 496 1451 3
522 1376 652 1453 potuisse
678 1377 802 1436 describi
826 1377 943 1454 etipse
967 1379 1180 1450 concesserim
1212 1378 1266 1438 sed
1289 1369 1356 1439 rara

204 1476 285 1552 apud
310 1473 457 1534 Catullum
484 1473 652 1534 huiusmodi
676 1473 841 1551 descriptio.
894 1473 998 1552 ltaque
1025 1475 1112 1534 aliam
1136 1476 1214 1536 uiam
1239 1493 1354 1554 sequor.

205 1573 305 1633 Credo
323 1574 403 1632 enim
421 1573 545 1649 primam
563 1575 705 1646 περικοπὴν
723 1582 791 1650 post
808 1591 836 1644 4,
851 1589 912 1632 non
929 1583 997 1650 post
1012 1592 1030 1649 3
1045 1574 1158 1646 cadere,
1172 1583 1206 1636 at
1224 1575 1354 1636 oecunda

207 1672 249 1732 sic
263 1670 406 1748 procedat

369 1823 391 1886 β
437 1817 495 1877 Vix
508 1819 552 1877 mr'
561 1820 617 1894 ipse
628 1818 739 1878 credens
755 1816 895 1878 Humum
908 1824 989 1896 alque
1000 1817 1141 1879 Bellienus

432 1914 563 1993 Lt'purire
575 1925 682 1992 campos
694 1923 721 1974 el
733 1918 826 1975 uidere
838 1922 864 1975 tc
877 1918 907 1975 r'n
919 1922 985 1978 luto.

434 2011 544 2089 Opur'd
553 2014 650 2072 solutis
662 2020 704 2072 est
713 2013 817 2076 teneas
831 2016 932 2074 aare?

206 2166 298 2236 tertia,
312 2175 345 2224 nt
359 2163 417 2224 iam
432 2162 527 2242 posui,
542 2163 583 2222 sic
597 2163 717 2240 incipiat

368 2319 389 2370 γ
431 2293 992 2371 Cummerrsomcrrepom'tacperegrrito

205 2445 252 2504 lta
272 2453 398 2522 quatuor
418 2443 556 2517 repausari
576 2441 632 2501 hae
652 2451 720 2501 sunt
744 2459 793 2516 43,
812 2459 851 2516 43
873 2438 977 2521 (aopi),
1002 2439 1133 2518 singulae
1158 2450 1256 2502 antem
1280 2440 1353 2506 haec

205 2543 317 2602 habent

248 2674 291 2746 (a)
327 2669 464 2729 Laetatur
478 2667 609 2730 Catullus
623 2667 704 2746 quod
720 2668 894 2728 SInnionem
909 2667 1012 2728 iterum
1026 2668 1139 2729 inuisae

248 2795 294 2869 (β)
328 2791 387 2852 Sed
415 2801 527 2850 tantum
554 2791 676 2850 laetatur
701 2799 734 2849 ut
762 2790 817 2850 sibi
844 2791 894 2850 trix
921 2791 1029 2865 credat,
1057 2791 1223 2853 felicitatem
1250 2801 1354 2854 nactus

370 2889 503 2949 omnium
517 2889 684 2960 maximam,
698 2888 780 2966 quod
794 2905 812 2947 a
825 2889 901 2948 curis
915 2888 1026 2949 solutus
1040 2889 1084 2948 sit.

249 3022 292 3094 (t)
328 3017 408 3078 Nam
417 3026 485 3094 post
494 3017 601 3093 longos
611 3016 726 3076 labores
738 3015 768 3073 in
779 3015 901 3075 domum
911 3013 1004 3074 redire
1015 3014 1073 3074 hoc
1087 3023 1132 3074 est
1144 3013 1352 3074 beatissimffl.

248 3145 289 3217 (d)
326 3141 429 3218 Itaque
443 3139 555 3200 saluere
570 3140 649 3198 iubet
663 3137 838 3198 Sirmioncm
853 3137 1003 3199 Benacum
1017 3138 1149 3198 domurn.

249 3307 297 3368 Sic
312 3307 392 3384 quod
406 3307 435 3366 in
450 3307 508 3366 line
522 3305 626 3383 prioris
640 3304 728 3382 partis
745 3304 837 3381 ponit,
851 3305 935 3380 ponit
948 3303 1035 3363 etiam
1049 3303 1080 3362 in
1094 3303 1152 3362 line
1166 3302 1335 3380 posterioris
1342 3325 1352 3378 ;

205 3406 450 3483 respondentibus
470 3405 544 3463 inter
565 3422 596 3462 se
617 3417 633 3477 7
653 3401 678 3461 0
696 3402 766 3478 qaid
782 3403 877 3462 rotatis
897 3408 938 3461 est
956 3401 1059 3460 hadas
1078 3402 1181 3460 curri)
1205 3419 1240 3474 14
1255 3399 1355 3461 Rr'dete

205 3504 341 3582 quicquid
359 3510 400 3563 est
421 3503 497 3562 domi
516 3501 721 3561 cachtirnorum.
763 3499 855 3573 Quod
875 3518 985 3560 nouam
1006 3503 1148 3575 remp
1167 3518 1186 3560 a
1207 3501 1354 3563 uocabulo

207 3602 280 3665 Gran
302 3601 410 3678 incipit,
432 3600 501 3660 lecit
521 3597 693 3674 idem11.5
716 3597 789 3660 Cum
810 3597 942 3656 desem
969 3615 1024 3656 meo
1051 3599 1150 3657 mlentr'
1170 3597 1224 3657 IV.
1242 3617 1280 3658 10
1304 3597 1358 3660 Vbi

205 3703 256 3760 iste
275 3707 343 3777 post
359 3699 494 3775 phaselus
520 3704 600 3756 antea
618 3698 690 3774 suit
720 3714 775 3756 nec
804 3697 927 3756 multum
955 3695 1042 3756 distat
1069 3696 1100 3756 id
1127 3695 1209 3775 quod
1236 3698 1354 3773 saepius

205 3807 334 3875 usurpat,
349 3807 381 3857 ut
400 3815 510 3856 nouam
523 3797 695 3870 aspirativa
712 3794 832 3855 relatiuo
850 3794 976 3871 incipiat,
991 3794 1027 3855 cs.
1043 3793 1140 3854 XVII.
1154 3812 1200 3866 14,
1214 3793 1311 3855 XXV.
1323 3815 1352 3872 9,

205 3894 379 3955 XXXVIII.
391 3914 420 3967 4,
435 3891 544 3954 LXIV.
559 3912 605 3966 11,
619 3911 666 3970 31,
678 3895 727 3965 60,
741 3894 808 3967 278,
822 3889 964 3952 LXVIII.
977 3893 1053 3967 (91),
1066 3893 1162 3967 (105),
1176 3891 1233 3952 III.
1246 3905 1274 3966 5,
1289 3909 1335 3953 ιι.

245 4029 384 4090 Carmina
406 4027 505 4101 XVII,
527 4026 669 4099 XXXVI,
691 4025 848 4099 XXXVII,
871 4025 958 4086 XLII
978 4025 1037 4088 hoc
1061 4025 1171 4086 habent
1194 4043 1354 4088 commune

205 4128 286 4204 quod
320 4127 420 4186 omnia
454 4125 484 4186 in
518 4125 617 4186 medio
652 4125 832 4196 scinduntur,
864 4122 953 4184 XVII
988 4123 1019 4183 in
1051 4141 1087 4198 ¹3
1108 4136 1129 4181 >t
1152 4143 1179 4194 a,
1210 4121 1353 4198 XXXVI,

205 4224 354 4288 XXXVII
382 4234 503 4302 utraque
530 4225 560 4282 in
586 4239 693 4296 roxa,
718 4221 805 4283 XLII
829 4222 860 4281 in
886 4239 992 4283 taxa.
1035 4219 1071 4279 In
1094 4219 1184 4280 XVII
1206 4225 1351 4298 Α(ι-ι3)

207 4323 337 4384 Catillus
365 4333 428 4386 orat
456 4323 619 4396 Coloniam,
647 4333 687 4395 ut,
715 4323 739 4382 si
767 4320 836 4382 uelit
863 4329 953 4398 ponte
980 4335 1063 4379 nouo
1090 4317 1141 4390 uti,
1170 4319 1351 4397 municipem
