3224 5066
254 398 318 465 162
719 389 937 458 CATVLLI

341 586 512 650 Praeterea
532 584 671 648 addebat
692 583 865 667 quendam,
887 601 982 664 quem
1005 581 1111 644 dicere
1135 580 1210 644 nolo
1373 607 1404 656 ⁴5

386 697 546 780 Nomine,
569 715 609 758 ne
633 695 727 758 tollat
750 695 842 757 rubra
864 693 1045 778 supercilia.

342 811 472 894 Longus
493 810 589 872 homo
611 817 673 892 est,
696 827 829 892 magnas
850 809 926 892 quoi
950 807 1025 870 lites
1048 805 1163 869 intulit
1184 805 1265 868 olim

387 923 516 986 Falsum
537 921 688 984 mendaci
710 931 823 984 uentre
848 921 1060 1004 puerperium.

760 1283 909 1352 LXVIII.

346 1451 444 1538 Qou
466 1451 547 1514 mihi
569 1451 698 1516 fortuna
721 1471 856 1535 casuque
877 1469 1045 1535 oppressus
1066 1448 1182 1512 acerbo

296 1741 340 1790 45.
376 1722 491 1776 Preteoe
504 1723 534 1775 D
603 1723 741 1776 addebant
753 1723 877 1775 OLam.
885 1734 930 1791 pr.
1002 1720 1152 1774 addebitb.

296 1797 341 1860 ⁴⁶·
378 1793 500 1847 Homine
513 1793 542 1845 D
611 1800 640 1846 te
655 1793 810 1847 AGLLa²O
880 1791 1032 1860 supercillia
1045 1793 1077 1845 G.

296 1879 340 1930 47.
376 1865 564 1917 esthomoV
659 1865 1003 1932 estam.aetDam.pr.
1104 1859 1263 1928 magnosD
1368 1859 1411 1922 uui

262 1933 622 2020 ABuDGuuLa¹La²Vacd
699 1951 753 2004 que
767 1936 808 1989 Oh
886 1934 952 2003 quoi
964 1933 1099 1986 Palladira
1180 1930 1289 1984 titteso
1367 1927 1408 1979 iu-

260 2006 471 2144 mlizai'alstu
483 2095 496 2128 e
572 2080 704 2131 mendacii
718 2078 839 2130 ACGLO
910 2073 1041 2129 mendatii
1053 2075 1104 2129 Bb.

768 2201 907 2254 LXVIII.

297 2290 378 2342 Huius
393 2290 515 2342 carminis
530 2289 800 2354 uu.1-40Ramlerus
813 2291 915 2358 primus
933 2290 960 2340 in
975 2289 1080 2340 editione
1096 2305 1144 2339 sua
1161 2306 1189 2340 a.
1205 2302 1281 2352 1793,
1293 2305 1312 2339 a
1323 2287 1409 2338 ceteris

261 2359 413 2429 seiungebat‚
423 2371 555 2428 tamquam
565 2361 692 2413 diuersum
697 2372 789 2429 poema
798 2361 926 2430 efficerem.
951 2359 1234 2427 Idemficeruatpastea
1243 2356 1410 2409 Froelslichius

261 2433 386 2502 Besgkius
403 2433 430 2484 in
449 2432 518 2485 Mus.
535 2431 614 2484 Rhea.
632 2433 691 2484 XV.
706 2449 755 2496 513
775 2432 878 2499 Heysius
896 2429 1063 2484 Rossbachius
1082 2429 1266 2498 Hertabergius
1284 2429 1412 2498 Gnatpius

262 2502 304 2570 (in
316 2504 402 2556 Minae
407 2515 436 2572 p.
448 2519 508 2568 503,
521 2501 563 2554 ubi
574 2513 659 2555 tamea
672 2513 803 2570 utrumque
814 2521 917 2554 carmen
929 2521 947 2553 a
957 2500 1058 2554 Catulla
1069 2497 1212 2568 adiudicat)
1223 2500 1274 2552 Ed.
1284 2497 1303 2551 ά
1309 2500 1412 2551 Bnmer

262 2573 412 2626 Schwabius
427 2575 546 2626 Vsenems
560 2573 735 2642 Westphalius.
770 2573 843 2626 Nam
855 2571 903 2642 (1)
918 2574 945 2624 in
963 2591 1004 2624 uu.
1020 2589 1105 2637 31-40
1122 2581 1198 2639 negat
1214 2569 1328 2624 Catullus
1340 2581 1413 2639 posse

261 2663 288 2697 se
305 2645 387 2696 amieo
407 2663 452 2696 sua
472 2663 562 2696 munus
584 2645 684 2696 mittere
702 2646 850 2697 Musarum,
885 2643 955 2694 Idem
972 2662 991 2695 a
1007 2661 1032 2695 u.
1045 2660 1077 2707 41
1093 2661 1167 2710 usque
1182 2639 1307 2709 adfinem
1326 2659 1411 2693 uersus

262 2717 343 2767 mittit
358 2715 395 2767 ad
409 2717 541 2767 minimum
560 2725 656 2767 eentum
671 2725 697 2766 et
713 2716 811 2784 uiginti,
828 2733 913 2782 eosque
932 2731 1034 2766 summa
1051 2731 1114 2764 cura
1131 2713 1281 2781 conscriptos
1299 2731 1341 2764 1111
1360 2713 1413 2764 sine

261 2787 416 2840 inuocatione
438 2786 586 2838 Musarum.
629 2783 677 2854 (a)
698 2785 806 2838 Mallius
830 2787 857 2838 in
881 2803 922 2837 uu.
943 2789 990 2837 1—8
1013 2785 1108 2836 dicitur
1130 2783 1249 2836 solatium
1273 2802 1291 2835 a
1312 2781 1412 2835 Catulla

257 2859 360 2928 petiisse
378 2867 406 2908 ut
424 2859 466 2925 qui
487 2872 551 2909 casu
572 2871 716 2924 oppressus
736 2855 838 2910 acerbo
856 2856 918 2907 lecto
935 2857 990 2908 iam
1011 2865 1102 2906 utatur
1121 2853 1228 2920 caelibe,·
1247 2856 1274 2906 in
1291 2872 1316 2906 u.
1329 2851 1413 2923 (155)

265 2928 328 2980 Sitis
345 2926 438 2980 felices
457 2933 486 2980 et
503 2933 535 2979 tu
553 2927 631 2978 simul
650 2934 679 2980 et
694 2934 742 2980 tua
758 2927 816 2980 uita
831 2937 878 2980 aut
893 2929 1005 2979 amicam
1023 2925 1099 2978 habet
1114 2937 1161 2978 aut
1176 2927 1312 2994 coniugem.
1356 2926 1411 2976 Ita-

263 3019 308 3068 que
323 2997 375 3051 alio
389 3009 497 3068 tempore
511 3001 601 3068 serapti
615 3009 675 3051 suut
691 3000 719 3051 hi
737 3016 823 3051 uersus
842 3000 962 3066 ceterique
979 3016 1061 3049 omnes
1080 2999 1122 3065 qui
1143 2995 1199 3048 Alli
1217 3003 1413 3048 commemorasti

263 3069 412 3138 heneficium,
436 3068 487 3122 alia
511 3088 551 3122 uu.
572 3087 648 3135 ¹·40·
697 3067 744 3139 (3)
772 3071 823 3138 Qui
846 3068 954 3121 Mallius
978 3079 1015 3120 est
1039 3067 1081 3120 uel
1102 3067 1217 3121 Manlius
1241 3069 1268 3119 in
1293 3084 1369 3132 1-40,
1390 3067 1413 3118 is

263 3159 312 3194 naa
331 3151 484 3210 potestesse
505 3140 588 3193 Allius
608 3142 635 3194 ia
656 3138 811 3209 41-(1όο);
835 3149 968 3208 utrumque
989 3141 1055 3192 enim
1080 3158 1167 3192 nomen
1187 3137 1344 3207 gentilicium
1366 3146 1413 3189 est.

265 3211 313 3336 ᾖ)
326 3230 366 3265 uu.
377 3210 513 3350 410—(360)
525 3213 647 3264 nsaiorem
660 3230 750 3264 curam
756 3224 824 3281 prae
834 3211 958 3277 seferuut
969 3220 1098 3278 artemque
1109 3228 1186 3278 quam
1199 3226 1276 3274 1-40.
1301 3206 1414 3277 (Gr-app.

296 3294 405 3406 ¹Insispilia
422 3302 547 3406 iurentur
560 3363 589 3405 ut
604 3371 646 3406 uu.
663 3349 849 3421 (149)-(160)
857 3352 977 3417 fers-tasse
990 3353 1068 3404 etiam
1086 3348 1207 3420 41-(148
1239 3348 1291 3402 alio
1306 3360 1415 3418 tempore

264 3427 369 3494 scriptos
376 3424 461 3491 sitisse
472 3425 574 3477 credam
586 3443 617 3476 ac
626 3426 725 3493 priores
738 3422 792 3476 illas
808 3440 884 3488 1-40.
921 3423 970 3476 Sed
979 3441 1040 3492 nega
1051 3421 1174 3474 Mallium
1186 3347 1266 3474 altum
1278 3439 1329 3473 esse
1340 3430 1416 3488 atque

267 3495 374 3561 Allium,
386 3505 433 3548 aut
444 3493 581 3564 41-(160)
593 3497 632 3548 ita
644 3495 753 3563 disiungi
759 3506 833 3563 passe
843 3514 861 3547 a
874 3495 961 3546 ceteris
973 3504 1002 3546 ut
1013 3492 1086 3547 aliud
1088 3494 1197 3559 saciant
1205 3504 1305 3561 poema.
1341 3491 1414 3543 Nam

264 3569 288 3620 si
300 3586 357 3619 uere
368 3566 460 3636 legitur
467 3568 494 3618 ia
504 3586 529 3619 u.
538 3564 603 3635 (66)
612 3565 729 3631 Mallius,
738 3568 760 3617 is
770 3576 854 3618 autem
864 3565 949 3618 Allius
957 3564 1009 3618 alio
1018 3565 1115 3616 nomine
1124 3573 1229 3616 uocatur
1238 3560 1414 3630 1111.41,(5ο,)

266 3635 359 3707 (15ο,)
371 3636 442 3721 uallo!
452 3637 594 3706 madefieri
605 3647 689 3706 potest
705 3647 733 3689 ut
749 3637 790 3688 hie
802 3635 910 3688 Mallius
924 3633 1011 3718 Allius
1020 3637 1072 3687 siue
1085 3634 1169 3718 :illius
1181 3633 1291 3717 Mallius
1303 3633 1369 3716 alius
1380 3634 1416 3684 sit

266 3707 474 3843 mim
485 3718 794 3848 {tutillam}
804 3703 1415 3846 utimii'llffimrgili'iissuii‘jit

267 3868 365 3920 ratione
382 3867 488 3918 metrica
554 3875 620 3918 aret.
658 3866 731 3918 Nam
749 3884 792 3918 nec
810 3855 911 3918 ¹icilius
924 3863 1049 3932 produxit
1068 3862 1182 3916 Catullus
1200 3865 1227 3916 in
1245 3881 1270 3916 u.
1284 3880 1326 3928 41,
1345 3853 1415 3914 Acili

267 3939 387 4007 corripuit
395 3939 422 3990 ia
431 3934 532 4005 1.(150
553 3953 560 4002 ;
577 3955 619 3990 nec
628 3937 699 3989 Aule
707 3938 796 4005 recipit
805 3954 889 3988 uer-ssa
898 3933 1005 4004 (150).)
1032 3935 1129 3988 Deinde
1141 3953 1188 3987 aaa
1200 3953 1243 3986 sua
1255 3952 1324 3985 more
1335 3933 1415 4002 scrip-

266 4010 339 4060 sisset
357 4006 471 4060 Catullus
490 4009 514 4060 si
533 4027 634 4061 carmen
654 4026 728 4060 uersu
746 4005 780 4059 ab
828 4008 887 4057 isset
906 4004 988 4074 qualis
1006 4015 1044 4057 est
1060 4006 1099 4057 hic
1117 4006 1148 4057 de
1163 4024 1209 4074 quo
1224 4005 1329 4056 dicimus
1344 4022 1368 4055 u.
1382 4020 1415 4067 40

268 4079 347 4132 Vltro
365 4094 417 4144 ego
435 4077 572 4131 deferrem
591 4077 670 4146 copia
687 4077 709 4130 si
726 4090 793 4146 qua·
809 4082 880 4129 oret.
916 4077 1012 4129 Contra
1028 4075 1062 4128 ab
1075 4077 1119 4128 boc
1127 4075 1221 4142 facilis
1237 4086 1275 4128 est
1290 4077 1417 4128 tramitae

266 4151 305 4203 ad
316 4167 346 4215 41
363 4149 427 4202 Non
439 4165 549 4216 possum
561 4149 688 4214 reticere,
702 4148 788 4213 Deae,
802 4163 856 4216 qua
868 4162 913 4199 me
925 4147 1010 4200 Allius
1022 4147 1049 4199 in
1063 4163 1103 4200 re.

305 4221 396 4274 Verum
412 4222 537 4273 enimuero
549 4219 630 4289 plura
646 4230 705 4272 sunt
720 4221 747 4272 in
764 4228 870 4286 utraque
884 4227 961 4286 parte
974 4221 1116 4270 communia
1127 4237 1204 4285 quam
1217 4227 1245 4269 ut
1256 4217 1296 4270 hir
1307 4217 1417 4284 disitmgi

263 4294 370 4361 possint.
399 4292 472 4344 Nam
485 4310 510 4344 u.
523 4308 552 4343 12
566 4290 675 4343 Mallius
687 4309 704 4342 a
718 4288 818 4342 Catullo
824 4290 890 4357 petit
903 4287 1015 4356 hospitis
1027 4287 1161 4352 officium
1180 4307 1256 4356 quam
1269 4287 1299 4340 ab
1311 4306 1416 4341 causam

268 4364 318 4416 nisi
329 4362 394 4430 quad
403 4363 455 4431 ipse
467 4361 566 4416 Catullo
577 4362 711 4430 hospitium
719 4358 875 4430 praebuerat
886 4379 917 4412 ac
929 4359 1038 4425 domum,
1047 4361 1073 4412 in
1086 4378 1132 4427 quo
1144 4378 1201 4412 cum
1214 4358 1305 4412 Lesbia
1317 4369 1416 4412 amares

268 4435 412 4486 exerceret?
444 4430 603 4502 (67)-(69).
651 4431 749 4484 Deinde
770 4450 795 4484 u.
811 4433 896 4482 11-16
918 4429 1033 4483 Catullus
1053 4431 1115 4483 dicit
1134 4449 1161 4482 se
1181 4448 1237 4482 cum
1257 4433 1352 4483 aetatis
1373 4447 1418 4482 1111·

269 4515 356 4568 ageret
378 4504 477 4556 Veneris
502 4521 549 4555 aaa
573 4505 693 4572 ignarum
709 4502 802 4568 sitisse,
823 4502 868 4553 sed
890 4511 969 4554 totum
990 4501 1035 4559 hae
1058 4501 1170 4556 studium
1191 4499 1260 4556 luctu
1275 4501 1418 4570 frates-trae
