3136 5060
525 421 752 488 CARMINVM
779 417 966 484 CATVLLI.
1258 427 1315 484 30⁵

548 1249 952 1327 EXCVRSVS

673 1514 730 1572 AD
751 1515 774 1573 1.
798 1535 824 1586 4.

180 1754 326 1850 CITAT
346 1789 425 1850 hunc
442 1769 559 1850 uersum
574 1790 683 1850 Plinius
696 1793 726 1850 in
742 1789 923 1850 Praefatione
938 1789 1083 1850 Naturalis
1097 1787 1273 1864 Historiae§
1293 1807 1318 1847 r.

176 1891 279 1949 Lr'bros
299 1891 442 1948 naturales
464 1891 596 1949 historiae
623 1893 758 1949 nouicium
782 1890 910 1950 Camenis
931 1889 1087 1962 Qur'rr'tr'rem
1113 1897 1224 1948 tuorum
1244 1899 1319 1964 opus,

175 1995 254 2048 natos
274 1989 352 2064 apud
367 2007 408 2046 rne
421 1990 558 2064 proxenca
567 1990 671 2067 sctrcra
691 1989 826 2046 licentiore
845 1989 959 2064 epc'strcla
977 2006 1100 2046 narrare
1114 1988 1245 2046 consbtcci
1260 1987 1318 2058 tibi,

176 2087 369 2146 rumndcsn'ne
395 2089 552 2163 inperator,
578 2090 618 2146 sit
642 2089 713 2146 enr'rn
739 2087 805 2145 haec
831 2088 876 2144 tui
900 2069 1043 2163 praefectio
1071 2087 1225 2156 uerissima,
1254 2085 1319 2143 dunt

176 2187 321 2244 maxumei
340 2188 501 2246 consenescit
519 2188 549 2244 in
566 2194 650 2262 patre
660 2207 674 2252 ,·
702 2204 818 2260 nanque
840 2190 871 2242 tu
892 2184 995 2242 solebas
1011 2189 1114 2260 putare
1134 2203 1189 2242 esse
1210 2183 1321 2260 alc‘quid

176 2301 249 2340 meas
269 2302 368 2360 nugas,
389 2290 423 2342 ut
439 2285 540 2342 obc'cerc
559 2284 661 2342 moliar
676 2281 818 2343 Catullum
837 2289 1043 2342 conterraneum
1063 2301 1150 2340 neum
1165 2281 1320 2359 (adgnoscis

176 2389 202 2440 et
213 2382 263 2440 boc
276 2389 412 2441 castrense
426 2379 552 2460 uerbum)
561 2403 577 2450 ,·
599 2383 645 2440 ille
662 2383 741 2452 eurio,
755 2388 788 2438 ut
802 2383 865 2452 scr's,
874 2381 1037 2456 permutatis
1048 2379 1193 2454 prcbrr'bus
1206 2379 1320 2455 syllabis

176 2481 368 2540 duniumlum
388 2501 416 2539 se
431 2470 508 2559 fecit
532 2499 614 2557 quarn
641 2480 747 2538 uolebat
778 2481 952 2538 existumari
976 2497 995 2536 a
1030 2476 1182 2536 Verancblis
1208 2479 1268 2536 suas
1295 2483 1322 2536 ct

175 2578 317 2638 Fabultr's.
372 2578 518 2656 Exscripsi
545 2579 643 2638 locum
667 2578 761 2654 qualis
785 2597 822 2637 ex
845 2577 962 2654 optimis
990 2576 1140 2636 codicibus
1167 2576 1318 2652 colligitur.

177 2676 258 2736 Dixit
278 2677 316 2736 de
337 2695 374 2736 eo
388 2675 594 2736 Mommscnus
614 2676 645 2734 in
664 2675 776 2735 Herme
790 2675 813 2734 1.
829 2677 894 2747 128,
908 2675 967 2747 ubi,
982 2674 1080 2734 relicta
1093 2673 1198 2734 Alciati
1218 2693 1319 2734 emen·

177 2775 295 2835 danem
319 2775 481 2847 Saetabis,
502 2774 620 2835 codices
640 2785 756 2835 secutus
777 2774 932 2851 plerosque
953 2774 1094 2851 syllabis
1115 2774 1245 2846 restituit,
1264 2792 1320 2850 pro

176 2875 275 2934 uerbis
300 2875 438 2935 obicere
465 2875 587 2935 moliar
612 2874 660 2935 uel
684 2875 764 2952 quod
790 2873 899 2934 habent
926 2875 974 2934 alii
1001 2875 1141 2934 obicere
1167 2874 1320 2934 molliam

177 2991 246 3032 cum
260 2972 389 3033 Barbaro
403 2972 549 3032 Rbenano
563 2973 754 3050 Dalecampio
774 2973 888 3032 obiter
915 2973 1089 3032 emolliam
1105 2973 1226 3046 scribit;
1254 2991 1319 3033 uer·

177 3089 244 3131 sum
258 3089 346 3150 quem
360 3072 397 3132 de
412 3070 527 3132 Catullo
540 3072 637 3132 sinuit
650 3071 759 3132 Plinius
774 3073 816 3131 sic
830 3071 978 3131 constituit
991 3089 1059 3131 cum
1075 3069 1208 3148 Hauptio

676 3221 822 3280 namque
842 3213 877 3262 tu
898 3203 1036 3263 solebas

381 3303 500 3381 Nugas
520 3321 595 3364 esse
616 3304 747 3382 aliquid
767 3321 861 3364 meas
880 3314 1009 3380 putare.

177 3459 257 3520 Cum
270 3461 350 3520 enim
363 3461 524 3538 scripsisset
538 3460 669 3522 Catullus
689 3461 781 3521 Meas
809 3479 884 3522 esse
909 3460 1037 3538 aliquid
1061 3468 1182 3537 putare
1209 3476 1319 3536 nugas

177 3559 308 3618 iambum
323 3569 419 3618 autem
433 3560 481 3619 uel
495 3560 663 3620 trochaeum
682 3561 713 3619 in
730 3561 824 3637 prima
843 3560 912 3619 sede
932 3558 1239 3636 hendecasyllaborum
1258 3575 1320 3617 non

179 3666 321 3732 ponerent
335 3656 409 3718 Plini
428 3658 565 3735 aequales
584 3668 617 3718 ut
635 3659 789 3730 duriorem,
804 3660 886 3718 cuius
900 3659 941 3717 rei
955 3659 1034 3717 testis
1052 3659 1088 3717 sit
1102 3658 1198 3716 minor
1210 3655 1320 3716 Plinius

178 3752 254 3830 Epp.
269 3754 294 3812 Ι.
312 3755 357 3825 16,
373 3768 390 3829 5
401 3756 484 3833 facit
502 3775 608 3828 mrsrcs,
628 3757 722 3834 quales
738 3756 869 3816 Catullus
888 3763 942 3815 aut
954 3756 1088 3824 Caluum
1108 3761 1240 3832 quonum
1260 3754 1321 3814 illis

177 3851 278 3925 lepores
299 3851 448 3910 Mediam
471 3854 671 3912 amaritudinis
697 3854 824 3913 amores!
865 3851 974 3912 Inserit
997 3871 1064 3912 sane
1085 3851 1218 3911 reddata
1240 3861 1320 3928 opera

177 3948 304 4008 rnolls'bus
330 3949 485 4026 lenzbusqus
511 3951 683 4011 duriusculos
710 3953 848 4029 quosdam,
873 3960 900 4012 ct
929 3953 980 4011 lsoc
1005 3953 1090 4028 quasi
1115 3950 1244 4011 Catullus
1271 3955 1324 4008 aut

181 4045 314 4116 Caluus,·
336 4047 460 4108 Plinium
479 4051 659 4111 conterranei
679 4053 724 4111 sui
738 4051 843 4112 Catulli
856 4061 892 4111 ut
908 4053 939 4110 in
958 4049 1138 4128 praelatione
1157 4050 1254 4127 operis
1274 4069 1320 4110 re·

178 4143 339 4216 cordatum,
354 4147 444 4206 uerba
464 4148 526 4208 eius
547 4149 606 4207 suis
625 4149 788 4220 inseruisse,
807 4149 915 4208 sedita
932 4148 1058 4208 emollita
1077 4158 1109 4207 ut
1129 4166 1183 4224 pro
1204 4148 1320 4207 duriore

178 4241 228 4301 illo
248 4243 346 4302 iambo
367 4243 460 4304 Meas
480 4255 591 4305 mutato
612 4246 713 4306 ordine
735 4248 891 4306 uerborum
912 4247 1049 4306 scriberet
1072 4247 1103 4306 in
1127 4247 1222 4323 primo
1244 4246 1320 4324 pede

179 4359 298 4417 nugas,
325 4361 419 4403 meas
448 4345 603 4404 collocaret
630 4345 659 4404 in
687 4356 799 4422 quarto.
852 4345 936 4405 Haec
963 4363 1024 4404 non
1052 4346 1127 4405 adeo
1153 4346 1223 4405 mihi
1250 4364 1320 4405 uera

178 4440 314 4500 uidentur
331 4450 363 4500 ut
385 4441 456 4503 nibil
475 4453 577 4504 contra
602 4444 658 4504 dici
677 4445 776 4521 possit.
824 4443 902 4504 Nam
918 4442 962 4524 (ι)
980 4443 1055 4504 Plini
1075 4445 1192 4505 codices
1211 4443 1320 4503 habent

721 4565 772 4609 Rr
