3118 5054
557 379 919 441 PROLEGOMENA.
1220 382 1309 440 xxxix

157 557 272 618 XXIV.
292 578 319 628 a,
344 578 406 620 non
430 571 498 638 post
521 561 634 622 XXIV.
655 582 699 622 10.
751 563 827 624 lllud
851 564 939 622 etiam
964 563 1114 640 proprium
1139 573 1183 623 est
1207 562 1309 623 Bono·

156 658 266 716 mensis
281 659 362 734 quod
376 678 402 718 c.
417 659 558 719 XXXIV.
578 661 781 734 15-XXXV.
801 682 836 734 14
856 663 902 721 bis
922 661 1012 720 habet
1032 663 1180 738 scriptum,
1194 663 1225 720 in
1241 661 1309 721 loco

156 773 213 814 suo
227 767 265 826 et,
280 768 313 816 ut
327 757 394 828 dixi,
410 759 440 814 in
455 759 562 834 pagina
576 759 678 835 prima.
721 759 840 819 Contuli
854 761 918 836 ipse
931 758 1094 818 Bononiae.

198 867 269 926 La¹.
304 871 515 930 Laurentianus
541 892 554 930 1
580 874 610 931 in
632 873 829 932 Laurentiana
847 873 1029 933 Bibliotheca
1049 874 1213 932 Florentiae
1234 873 1307 932 Plut.

158 985 207 1041 33.
223 967 301 1026 Cod.
317 987 361 1042 13.
397 969 642 1030 Membranaceus
656 982 709 1042 est,
724 973 848 1048 scriptus
864 991 899 1044 41
917 972 994 1031 loliis
1010 991 1047 1045 ²9
1062 989 1207 1030 uersuum.
1237 971 1309 1029 Post

156 1063 308 1122 Catullum
322 1066 410 1125 habet
424 1065 514 1126 Persii
529 1067 656 1127 Saturas.
689 1068 854 1127 Nonnullae
868 1087 981 1128 rasuras
996 1071 1117 1144 accepit,
1133 1069 1185 1127 sed
1199 1070 1230 1126 in
1243 1068 1308 1126 uni-

155 1181 277 1222 uersum
296 1165 428 1239 proxime
448 1165 559 1224 accedit
576 1166 614 1225 ad
628 1165 849 1225 Bononiensem
859 1186 868 1239 ;
890 1184 950 1242 quo
971 1176 1070 1224 tamen
1090 1166 1235 1225 recentior
1254 1175 1309 1225 est.

152 1259 279 1320 'Contuli
292 1262 356 1338 ipse
369 1262 542 1322 Florentiae.

157 1393 162 1402 ·
205 1365 236 1426 V.
272 1366 432 1429 Vaticanus
449 1371 535 1443 1630,
551 1369 652 1429 ‘Saec
668 1368 726 1427 XV
741 1370 873 1440 ineuntis
890 1369 1048 1429 Cartaceus
1067 1369 1097 1426 in
1116 1369 1211 1428 lorma
1229 1386 1307 1428 max.

155 1463 321 1523 ‘Continet
344 1477 414 1524 octo
435 1465 529 1525 Plauti
550 1464 727 1526 Comoedias
749 1466 1016 1545 (Amphitruonem,
1037 1467 1209 1536 Asinariam,
1230 1465 1308 1543 Cap-

155 1561 265 1632 ‘tiuos,
291 1560 508 1632 Curculionem,
532 1562 680 1633 Casinam,
706 1562 905 1634 Cistellariam,
935 1562 1112 1640 Epidicum)
1142 1573 1170 1622 et
1201 1562 1308 1622 Catulli

155 1658 640 1730 ι1111111111,111111110111111111111111
654 1663 767 1738 scripta.
809 1659 925 1720 Titulos
944 1679 1006 1720 non
1025 1661 1080 1720 nisi
1099 1673 1157 1720 tres
1175 1661 1263 1721 habet
1277 1663 1307 1720 in

153 1758 275 1832 ‘prima
299 1757 415 1833 pagina.
465 1757 501 1815 In
526 1759 642 1834 reliquis
667 1759 843 1817 carminibus
866 1759 916 1816 ubi
940 1759 1057 1834 quidem
1082 1759 1195 1818 titulum
1220 1760 1308 1818 ceteri

154 1859 163 1914 ⁴.
179 1854 300 1913 codices
314 1854 431 1926 babent,
446 1874 505 1914 una
523 1854 600 1915 linea
617 1875 712 1915 uacua
730 1857 828 1915 relicta
846 1866 875 1914 et
894 1856 988 1932 prima
1006 1857 1091 1932 primi
1105 1874 1208 1916 uersus
1226 1857 1308 1916 litera

154 1957 163 1984 ‘
178 1953 299 2022 omissa,
314 1954 443 2012 secunda
457 1953 551 2013 forma
567 1955 728 2014 maiuscula
746 1955 853 2031 scripta
872 1965 924 2014 est.
967 1954 1105 2030 Singulae
1124 1955 1248 2030 paginae
1269 1972 1305 2028 31

154 2049 314 2108 ‘uersibus
335 2051 461 2126 spatium
481 2054 623 2127 praebent
646 2053 729 2112 lineis
750 2053 851 2112 ductis.
895 2051 1045 2111 Nonnulla
1070 2052 1194 2110 correxit
1218 2052 1309 2112 serior

155 2152 286 2205 ‘manus
310 2147 371 2206 siue
393 2148 423 2205 in
446 2157 527 2206 textu
549 2149 682 2225 suppleta
704 2151 766 2208 siue
788 2151 904 2226 appicta
925 2151 955 2208 in
976 2149 1125 2225 margine!
1168 2149 1253 2208 Haec
1274 2149 1307 2209 F.

154 2243 419 2320 Vmplenbacbius,
434 2247 484 2323 qui
498 2247 631 2305 codicem
644 2264 700 2322 pro
714 2265 762 2306 me
777 2245 892 2305 Romae
907 2246 1041 2305 excussit.

196 2358 401 2433 Philippensis
414 2360 445 2417 in
459 2359 641 2419 Bibliotheca
652 2359 788 2419 Thomae
803 2359 942 2436 Phillipps
960 2375 1050 2434 9591,
1064 2369 1221 2432 cartaceus,
1234 2377 1307 2419 con·

154 2457 228 2516 tinet
242 2455 389 2516 Camllum
404 2477 439 2518 ac
454 2458 611 2518 Tibullum.
653 2460 797 2518 Exaratus
811 2469 856 2518 est
870 2478 949 2518 anno
967 2475 1042 2533 1453
1058 2469 1089 2518 ut
1106 2478 1142 2518 ex
1162 2461 1308 2537 subscrip-

154 2554 235 2613 tione
258 2565 378 2630 apparet
398 2556 428 2613 in
443 2554 552 2614 Tibulli
573 2557 631 2615 fine
655 2557 753 2616 addita
776 2556 886 2614 ll'balli
898 2565 993 2631 poetae
1012 2558 1083 2615 leber
1100 2557 1217 2631 explicit
1231 2555 1308 2614 ΙΙΙ0

154 2652 228 2711 Idus
240 2654 355 2711 serata
365 2652 406 2710 M
407 2665 422 2697 ⁰
429 2653 485 2713 CC
486 2653 558 2714 CC⁰
565 2653 655 2711 LIII
657 2667 671 2699 ⁰
683 2655 840 2731 Coneglani
850 2658 905 2712 mei
910 2654 945 2712 F
940 2657 1067 2713 rancisci
1075 2654 1196 2714 Crobali
1210 2654 1306 2712 Vemli.

154 2750 203 2810 Ex
223 2751 331 2810 eodem
351 2750 432 2810 fonte
453 2770 521 2810 cum
543 2751 723 2811 Bononiensi
744 2752 841 2824 fluxit,
863 2771 931 2812 cum
946 2771 1005 2830 quo
1023 2754 1111 2812 etlam
1129 2753 1160 2810 in
1178 2752 1307 2812 minimis

155 2849 311 2919 consentit,
322 2869 347 2908 e.
352 2868 381 2925 g.
392 2849 551 2908 lacmleolae
565 2867 618 2926 pro
631 2851 758 2908 lacteolae
770 2850 834 2910 LV.
847 2847 922 2930 (17.)
964 2851 1032 2928 lpse
1047 2851 1156 2910 contuli
1171 2851 1201 2908 ln
1215 2850 1307 2909 domo

156 2945 295 3006 Thomae
310 2946 458 3023 Phillipps,
473 2945 653 3005 Cheltoniae.

196 3052 241 3111 H.
277 3051 519 3128 Hamburgensis,
545 3054 610 3112 cod.
635 3053 779 3130 Philolog.
806 3053 898 3113 Scrin.
920 3053 954 3114 L.
974 3074 1039 3130 139·
1064 3055 1306 3112 membranaceus

153 3149 252 3208 forma
265 3150 423 3220 octonaria,
439 3167 513 3208 saec.
529 3147 595 3208 XV.
637 3149 720 3208 Folia
732 3150 820 3209 habet
838 3153 903 3223 164.
945 3151 1060 3209 Folium
1081 3149 1189 3226 inquo
1209 3147 1307 3225 scripti

153 3257 224 3306 sunt
238 3246 349 3305 Tibulli
363 3247 385 3305 1.
401 3266 425 3305 1.
442 3261 518 3321 1-45
533 3248 632 3322 periit;
653 3248 759 3306 exinde
780 3250 855 3321 1-38
875 3247 984 3306 habent
1003 3247 1161 3317 Tibullum,
1184 3259 1304 3321 39-117

154 3344 348 3421 Propertium,
374 3347 511 3419 118-163
532 3343 686 3416 Catullum,
712 3346 768 3416 164
790 3345 980 3420 Epigramma
999 3345 1052 3404 Ae
1065 3347 1194 3419 patriam
1219 3347 1305 3404 uento.

154 3442 297 3518 Singulae
324 3443 448 3518 paginae
476 3441 536 3500 lere
564 3460 679 3518 semper
709 3455 745 3515 15
771 3460 908 3501 uersuum
937 3454 1012 3502 sunt.
1054 3442 1187 3502 Collatus
1215 3452 1260 3502 est
1288 3460 1306 3500 a

154 3539 322 3609 Schwabio,
343 3549 372 3598 et
393 3556 516 3616 prome
537 3540 576 3598 ab
597 3538 825 3615 Hamburgensi.

195 3641 265 3704 Ia'.
301 3644 374 3703 Plut.
391 3663 428 3719 33
444 3644 548 3704 Codex
565 3663 600 3704 11
613 3644 687 3703 Bibl.
702 3644 922 3704 Laurentianae.
957 3644 1201 3704 Membranaceus
1215 3644 1306 3720 scrip-

151 3759 201 3804 tus
216 3743 294 3801 loliis
308 3762 357 3818 49,
370 3760 509 3802 uersuum
527 3762 573 3814 24.
616 3741 686 3801 Post
708 3741 854 3801 Catullum
876 3743 1004 3818 sequitur
1026 3741 1169 3800 Tibullus.
1213 3739 1305 3800 Cuius

152 3841 185 3900 in
198 3841 259 3899 fine
273 3840 413 3916 scriptum
427 3851 471 3899 est
488 3838 658 3898 Glterarrlus
672 3837 810 3896 Iollanm's
830 3839 874 3897 del
888 3838 1019 3916 Cirrbgrb
1038 3842 1109 3897 ceiez's
1123 3838 1306 3897 Flormlrieur

151 3939 270 4012 scripsit
296 3947 352 4012 pro
382 3935 508 3994 Iohanne
537 3936 633 3996 Cosme
663 3937 694 3993 de
719 3935 841 3994 Medicis
872 3939 970 4010 oplinw
999 3938 1058 3994 clue
1083 3935 1246 3995 Flormlino
1272 3938 1305 3993 ele

151 4055 228 4094 anno
241 4033 422 4095 MCCCCL
431 4033 496 4092 VII
505 4035 537 4091 de
549 4053 637 4092 mense
654 4032 731 4091 iulet:
767 4034 851 4092 Idem
866 4035 961 4093 scriba
975 4033 1189 4094 Memmianum
1201 4033 1303 4112 (Paris.

153 4129 251 4209 8233)
265 4133 396 4190 exarauit
411 4149 490 4191 anno
507 4134 593 4206 1465.
636 4130 794 4202 Nonnulla,
816 4132 868 4191 sed
890 4150 991 4208 pauca,
1013 4131 1101 4191 habet
1122 4151 1139 4191 a
1160 4131 1304 4208 plerisque

153 4231 307 4290 codicibus
321 4230 524 4306 discrepantia.
566 4227 686 4288 Contuli
707 4229 771 4305 ipse
788 4228 959 4288 Florentiae.
1003 4229 1062 4288 Hic
1084 4240 1127 4289 est
1147 4229 1194 4287 ille
1215 4233 1304 4304 qu'em

153 4329 184 4388 in
198 4329 266 4388 edit.
282 4346 336 4387 sua
350 4327 559 4387 Lachmannus
573 4328 642 4386 citat
656 4326 891 4386 laurentianum.

203 4432 266 4493 Vm.
304 4432 436 4495 Venetus
450 4434 481 4493 in
495 4432 676 4493 Bibliotheca
690 4433 719 4492 S.
731 4432 833 4505 Marci,
848 4443 997 4494 cartaceus
1012 4451 1040 4492 n.
1056 4445 1121 4508 107,
1137 4432 1222 4492 class.
1233 4429 1303 4500 XII,
