3136 5060
594 431 651 491 AD
679 431 833 492 XXXVII.
854 437 900 493 18.
1258 435 1316 492 323

176 613 277 691 radgis
296 615 459 692 dppellabat,
480 607 603 675 ux'orem
623 624 722 676 autem
741 617 815 676 mlra
834 616 985 678 custodela
1004 617 1085 676 domi
1109 616 1318 678 suae'solitum

176 713 313 773 cohibere
327 714 438 774 adulter
451 714 628 775 Philetaerus
647 714 738 775 elusit.
780 716 883 792 Itaque
904 733 972 776 curu
992 715 1109 792 scorpio
1128 715 1215 794 piscis
1235 735 1318 777 moe-

176 811 298 871 chorum
326 813 412 873 sedes
438 831 533 890 penae
560 813 627 873 loco
654 814 789 874 intrasse·
803 814 943 886 uideatur,
971 813 1049 873 idem
1081 825 1179 874 autem
1208 832 1318 874 nomen

176 910 308 970 animaIIs
327 911 468 972 terrestris
489 911 573 972 tuerit
592 919 622 970 et
642 911 761 988 quidem
782 912 932 982 notissimi,
952 912 1058 972 dixeris
1079 922 1129 973 aut
1149 912 1229 990 quod
1248 915 1319 972 utri·

176 1025 270 1084 usque
287 1027 445 1070 commune
463 1019 540 1069 esset
552 1009 613 1068 uim
626 1011 767 1081 expertein
782 1007 832 1088 (ci.
844 1009 1029 1070 Athenaeum
1043 1010 1112 1071 VII.
1130 1007 1200 1088 720)
1215 1011 1319 1072 iecisse

176 1116 208 1165 ut
221 1107 312 1165 uermi
329 1107 500 1166 tribueretur
513 1107 594 1183 quod
607 1107 680 1184 pisci
697 1108 847 1185 proprium
868 1117 953 1179 esset,
969 1119 1019 1167 aut
1039 1109 1197 1170 coniuncto
1211 1109 1318 1186 duplici

177 1221 266 1263 sensu
279 1205 365 1264 simul
382 1205 504 1265 adulteri
522 1205 696 1282 supplicium
720 1206 897 1282 significasse
920 1208 1097 1283 scorpiones,
1119 1207 1203 1268 simu
1224 1208 1319 1268 mariti

177 1301 326 1362 ultionem.
1034 1352 1038 1362 .

217 1399 266 1459 Ad
280 1411 365 1460 notas
379 1399 564 1478 inpudicitiae
580 1401 628 1476 (ci.
644 1399 763 1462 Suetoni
778 1401 936 1480 Relquuias
950 1404 995 1463 ed.
1011 1403 1190 1482 Reyffersch.
1205 1423 1234 1483 p.
1248 1408 1317 1481 137)
1401 1475 1404 1490 ⁸

177 1497 299 1559 sortasse
313 1499 437 1578 pertinet
451 1499 591 1559 difficilior
603 1519 705 1584 uersus
720 1501 798 1578 apud
811 1502 978 1562 Ausonium
991 1503 1045 1580 Ep.
1061 1507 1127 1563 128.
1143 1523 1240 1582 ro-r3

463 1654 542 1728 Quid
551 1658 672 1732 imperite
684 1679 701 1730 ρ
705 1662 793 1732 puras
807 1656 850 1715 ibi
858 1659 992 1734 emptum

469 1752 522 1812 Vbi
530 1755 622 1812 locari
630 1752 655 1811 I
663 1756 787 1814 conuenit
797 1755 935 1832 longam?

460 1851 572 1910 Misellc
584 1848 676 1911 doctor
695 1857 717 1914 il
736 1853 790 1911 tibi
798 1855 838 1911 sit
848 1853 963 1926 obsceno,
1030 1850 1031 1855 '

463 1948 606 2048 Tuamque
618 1969 712 2011 nomen
728 1963 761 2031 Θ
779 1953 879 2012 rectilis
890 1954 985 2030 sr'gnct

180 2112 203 2170 a
225 2107 448 2184 interpretantur
467 2107 577 2179 funem,
591 2126 649 2187 ego
670 2119 792 2181 taurum,
810 2110 856 2170 cui
876 2111 1103 2188 interpretationi
1123 2111 1227 2171 melius
1247 2129 1319 2171 con-

178 2209 258 2268 uenit
271 2205 341 2266 illud
354 2207 528 2280 obsceno;
549 2217 648 2267 taurus
666 2209 745 2267 enim
765 2209 794 2266 in
813 2208 949 2282 obscenis
966 2218 1018 2268 est
1060 2208 1151 2269 Tauri
1172 2220 1268 2269 autem
1288 2211 1319 2269 in

179 2305 308 2366 Zodiaco
322 2305 438 2382 signum
451 2317 512 2365 erat
530 2315 632 2383 estque
648 2315 685 2370 tt.
727 2305 797 2367 Hoc
811 2308 898 2366 etiarn
912 2307 999 2367 ceteri
1012 2325 1114 2367 uersus
1128 2307 1301 2368 confirmant
1309 2329 1317 2382 ;

179 2423 248 2463 nam
262 2404 293 2462 ln
309 2422 337 2463 u.
350 2405 368 2461 8
382 2415 406 2461 Δ
419 2404 534 2480 signum
550 2414 594 2465 est
607 2405 721 2478 Librae,
736 2407 766 2464 in
783 2425 812 2466 u.
825 2427 843 2482 9
857 2414 880 2463 o
893 2405 1025 2478 Veneris,
1040 2407 1070 2464 in
1083 2411 1111 2466 u.
1127 2426 1163 2482 13
1181 2421 1213 2486 Θ
1234 2407 1318 2467 Sobs.

179 2501 282 2578 ltaque
301 2521 352 2584 eas
372 2502 468 2562 literas
488 2503 601 2562 uidetur
620 2504 815 2590 sibielegisse
835 2504 985 2564 Ausonius
1007 2521 1083 2588 quae
1107 2505 1210 2582 triptici
1231 2524 1319 2566 sensu

177 2591 299 2676 'possent
313 2600 413 2677 accipi,
428 2600 522 2677 primo
535 2602 736 2678 grammatico,
750 2603 882 2662 obsceno
895 2601 995 2676 altero,
1005 2585 1095 2663 ¹tertio*
1108 2585 1229 2666 iodiaci.
1271 2604 1317 2665 Cf.

178 2697 295 2759 Petron.
311 2699 371 2760 Sat
387 2714 434 2776 35,
450 2718 498 2776 39.

490 3090 705 3152 EXCVRSVS
726 3091 764 3152 ad
785 3091 942 3152 XXXVII.
962 3095 1007 3152 18.

379 3255 433 3316 Tu
453 3266 593 3334 praeter
613 3274 736 3317 omnes
755 3276 822 3317 une
843 3257 884 3318 de
905 3259 1085 3337 capillatis

380 3354 619 3415 Cuniculosae
639 3355 854 3417 Celtiberiae
876 3357 941 3416 sili.

221 3501 288 3564 Hos
302 3503 377 3564 duos
390 3523 491 3563 uersus
505 3502 670 3564 Priscianus
683 3505 728 3564 bis
742 3505 983 3566 commemorauit
995 3506 1068 3567 Inst.
1078 3505 1114 3567 V.
1128 3519 1175 3584 77,
1190 3507 1259 3567 VII.
1272 3528 1318 3568 aa.

180 3607 188 3634 ‘
202 3601 365 3680 Vtrobique
378 3602 442 3662 libri
456 3603 486 3661 in
500 3601 558 3662 hoc
571 3603 642 3662 uitio
656 3605 826 3680 conspirant

461 3751 710 3812 Celtiberosae
731 3751 946 3812 Celtiberiae
966 3751 1020 3812 iili

178 3909 299 3969 ‘autin
317 3909 431 3969 mendis
444 3911 550 3987 quibus
569 3910 665 3987 ipsum
684 3909 753 3969 illud
770 3908 966 3973 Celtiberosae
985 3911 1109 3988 amplius
1129 3913 1318 3990 deprauatum

176 3989 188 4046 '⁶
202 4019 253 4067 est
296 4007 355 4068 Sed
373 4009 468 4070 codex
488 4008 734 4070 Darmstadiensis
753 4010 869 4070 saeculo
884 4009 944 4068 XII
961 4011 1084 4087 scriptus
1103 4030 1162 4088 quo
1181 4011 1320 4073 Hertzius

178 4113 271 4166 ‘usus
295 4116 339 4166 est
365 4109 519 4185 utrobique
545 4109 720 4183 (secundum
744 4107 872 4168 Keilium
899 4109 929 4168 in
952 4109 1021 4170 VII.
1039 4129 1074 4170 aa
1100 4112 1318 4186 tantummodo)

180 4204 439 4265 ‘Cuniculosae
462 4208 590 4284 praebet.
632 4205 731 4280 Quare
752 4207 914 4284 putandum
934 4217 978 4267 est
998 4219 1048 4268 aut
1068 4226 1170 4268 uerum
1190 4211 1320 4270 uocabu-

179 4304 261 4362 ‘lum
280 4285 372 4380 usque
391 4289 428 4364 ad
441 4303 520 4365 hunc
534 4304 638 4364 librum
655 4305 809 4364 deuenisse
828 4323 864 4363 ex
883 4305 1034 4382 antiquore
1052 4306 1210 4382 exemplari
1231 4325 1320 4384 quarn

180 4408 238 4460 ‘ex
259 4420 318 4479 quo
340 4403 428 4462 ceteri
447 4403 510 4462 libri
531 4421 635 4462 omnes
658 4403 774 4463 deducti
796 4414 864 4463 sunt
884 4414 934 4463 aut
953 4403 1043 4463 luisse
1062 4405 1179 4465 saeculo
1194 4405 1254 4465 XII
1274 4407 1322 4467 uel

181 4499 299 4576 ‘paullo
325 4510 411 4560 antea
435 4519 496 4562 non
521 4501 671 4562 indoctum
696 4501 845 4562 hominem
870 4502 919 4580 qui
944 4521 1018 4580 quae
1044 4503 1207 4564 Priscittnus
1231 4505 1323 4565 attulit
