3136 5060
264 400 322 456 ars
391 359 395 366 ’
718 395 941 458 excvnsvs,

306 584 402 646 Taciti
416 583 532 644 codices
547 584 606 645 duo
620 582 747 644 Medicei
760 584 869 644 conlati
885 585 923 644 ab
937 583 1047 644 Orellio
1066 584 1218 660 flagrare
1237 583 1340 641 tricies
1360 580 1419 639 fere

266 683 412 754 exhibent,
438 681 589 758 fraglare
612 682 658 741 bis
683 691 804 754 tantum,
828 684 858 740 ni
882 681 973 753 fallor,
995 681 1072 741 Hist.
1087 682 1126 740 II.
1142 699 1177 756 31
1205 680 1420 756 fraglantis-
1543 741 1544 758 q

264 783 371 842 simae
389 781 523 851 libidines,
539 780 578 840 II.
594 782 632 853 4⁶
642 781 755 859 surore
771 781 887 856 quodam
905 788 932 838 et
948 782 1079 839 rmnoctu
1098 779 1313 856 fraglabant.
1362 777 1420 836 Pro

263 881 341 940 olere
355 897 499 956 nusquam
514 881 627 939 uidetur
640 898 803 956 usurpasse.

304 978 392 1054 Apud
407 977 605 1049 Prudentium,
619 979 700 1038 cuius
721 978 853 1037 codicem
873 978 986 1054 inspexi
1006 996 1065 1054 quo
1084 996 1145 1036 non
1164 989 1243 1036 extat
1265 977 1422 1053 antiquior

264 1074 456 1134 Bodleianum
478 1077 593 1146 saecul,
611 1087 643 1134 ut
661 1075 791 1146 habetur,
806 1075 883 1134 VIII
899 1076 996 1148 (Auct.
1011 1075 1034 1134 I.
1053 1095 1077 1134 a.
1095 1079 1146 1148 22)
1170 1075 1299 1151 fraglat
1324 1075 1422 1149 scrip-

264 1183 326 1232 tum
346 1183 391 1232 est
411 1171 544 1233 Cathem.
560 1175 615 1232 III.
633 1194 669 1233 aa
691 1173 800 1233 Nullus
820 1181 943 1232 aromate
963 1174 1090 1250 fraglat
1110 1175 1186 1244 odor,
1208 1172 1245 1232 V.
1264 1192 1325 1245 ¹¹4
1351 1171 1422 1230 Illic

259 1273 412 1348 purpureis
425 1279 491 1330 tecto
505 1275 623 1331 rosorri's
636 1275 723 1331 omnr's
737 1273 865 1350 fraglat
877 1272 986 1344 humus,
997 1285 1026 1332 et
1039 1273 1087 1332 hle
1101 1273 1219 1350 quidem
1230 1291 1268 1330 ex
1282 1271 1422 1348 flagrat

263 1381 415 1430 mutatum.
462 1369 619 1448 Peristeph.
642 1371 679 1430 X
704 1386 761 1447 734
787 1371 874 1430 Sedot
897 1391 998 1430 mrtem
1022 1373 1140 1448 pectoris
1167 1370 1421 1446 flagrantiam,

264 1467 398 1528 Cathem.
420 1469 473 1528 XI.
497 1472 535 1528 68
564 1470 734 1547 flagrasse
762 1472 851 1528 nardo
877 1477 904 1529 et
930 1477 1036 1528 nectare
1063 1469 1132 1528 XII.
1149 1482 1188 1543 70
1215 1468 1369 1526 thesauros
1397 1473 1425 1523 et

263 1569 420 1644 fraglans
446 1569 513 1626 odor
540 1568 640 1628 Perist
669 1569 705 1627 X
731 1572 769 1644 63
797 1568 961 1644 flagrare
988 1575 1095 1626 moetos
1117 1569 1264 1642 peraeae·
1289 1565 1420 1624 oudaa'a

265 1665 348 1726 Cath.
372 1665 424 1726 IV.
449 1686 484 1726 aa
513 1666 626 1726 Tetnon
653 1667 781 1745 flagrat
806 1671 877 1726 entire
901 1679 1002 1744 uapore
1025 1685 1120 1727 crosso
1142 1666 1262 1724 Horror
1285 1666 1420 1723 consedes

263 1771 383 1824 estuante
400 1767 488 1842 oripo.

305 1862 393 1938 Apud
408 1862 565 1922 Horatium
579 1861 613 1922 C.
629 1862 652 1922 I.
669 1863 913 1940 25.13stogrons
926 1882 1015 1934 amor,
1031 1863 1186 1939 fraglans
1205 1862 1295 1920 habet
1313 1860 1418 1920 codex

263 1982 284 2015 rr
302 1959 419 2030 Kelleri,
441 1959 476 2022 C.
489 1960 529 2018 11.
548 1979 592 2018 ra.
610 1976 647 2034 25
662 1961 825 2037 flagrarem
849 1962 950 2032 osculo,
973 1961 1161 2036 fraglantia
1189 1959 1276 2019 codd.
1299 1979 1319 2016 u
1340 1970 1375 2018 et
1395 1980 1416 2013 π

264 2075 334 2116 am.
350 2075 425 2130 sec.;
447 2059 477 2116 in
498 2056 871 2135 c.111.13.9flagrone·s
893 2059 1052 2130 Conrtuloe,
1074 2058 1128 2136 Ep.
1143 2057 1179 2116 V.
1195 2061 1230 2117 81
1255 2059 1417 2116 moreest

264 2154 436 2232 neeostagres
449 2173 510 2214 non
524 2155 658 2214 uidentur
671 2155 790 2215 uariare.

206 2265 210 2274 '
307 2251 436 2312 Senecae
454 2253 571 2312 codices
586 2263 709 2329 quatuor
725 2270 743 2311 a
761 2271 809 2312 me
827 2254 949 2330 iuspecti
965 2253 1200 2329 (LIncolniensis,
1215 2251 1415 2312 Canoniciani

266 2343 315 2420 '86,
331 2353 379 2426 89,
395 2353 447 2428 93)
463 2350 534 2410 haec
548 2352 697 2427 praebent.

297 2477 405 2538 Medea
419 2496 457 2554 33
480 2477 715 2554 flagrantibus
728 2475 859 2556 Ignffero
873 2479 944 2536 lorr's
985 2477 1114 2556 (omnes)

401 2579 460 2652 839
481 2575 668 2652 Flagrante
681 2595 756 2634 como
770 2595 842 2634 nouo
856 2575 1028 2653 meptofoces
1043 2574 1246 2653 (Fragraute
1271 2575 1343 2636 Can
1371 2578 1411 2636 86

1061 2692 1079 2732 a
1097 2693 1135 2733 m.
1151 2694 1202 2752 pr„
1228 2693 1305 2735 nunc
1330 2675 1412 2734 Fla-

1061 2773 1196 2852 grante)

401 2872 459 2944 858
481 2868 648 2946 Flagrant
660 2889 749 2946 genoe
763 2871 887 2930 rubentes
929 2870 1059 2950 (omnes)

265 2967 410 3046 Thyestes
421 2971 459 3046 98
481 2967 609 3045 flagrat
623 2969 761 3027 incernam
774 2973 826 3029 siti
837 2970 905 3030 Cor.
1046 2971 1104 3050 (fla
1109 2983 1167 3048 gat
1181 2969 1254 3030 Can.
1266 2967 1319 3048 86)

285 3067 409 3129 Octauia
424 3083 458 3144 51
482 3069 542 3126 ode'o
549 3067 746 3144 poriArderrs
760 3071 966 3128 morriimutua
981 3067 1108 3146 flagrat
1114 3069 1186 3146 foce

1045 3166 1172 3246 (fragat
1186 3165 1258 3226 Can.
1271 3168 1319 3238 86,
1331 3166 1387 3244 89)

404 3284 458 3341 13²
485 3265 603 3342 Odeoque
617 3267 709 3324 nostri
719 3264 846 3341 flagrat
1049 3265 1176 3344 (fragat
1189 3264 1261 3324 Can.
1274 3267 1322 3336 86,
1335 3265 1388 3341 89)

309 3390 345 3450 In
358 3391 463 3467 quibus
477 3389 590 3466 fragat
604 3389 757 3466 quinquies
771 3389 898 3465 positum
912 3407 973 3447 uon
987 3406 1070 3448 mero
1084 3407 1179 3448 errore
1193 3388 1366 3466 profluxisse
1380 3400 1412 3449 et

266 3489 403 3549 credibile
424 3498 468 3548 est
489 3499 517 3546 et
537 3489 634 3546 nititur
655 3487 820 3546 testimonio
835 3485 1015 3546 Glossatoris
1032 3488 1112 3564 apud
1130 3487 1200 3545 lllal.
1214 3488 1299 3546 Auct.
1314 3485 1410 3547 Class.

266 3587 351 3646 VIII.
369 3600 426 3662 237
449 3585 579 3644 Dicr'nms
598 3584 718 3660 fraglo,
738 3603 775 3643 as
793 3592 819 3642 et
836 3585 944 3661 frago‚
959 3605 995 3644 as
1009 3589 1101 3644 omnio
1111 3597 1166 3662 pro
1179 3587 1248 3644 olere
1261 3592 1287 3644 et
1297 3585 1333 3643 ab
1346 3586 1412 3643 r‘strlr

266 3685 398 3744 minito.
442 3683 555 3744 Seneca
569 3682 815 3760 Apocolocyntos.
830 3683 874 3742 IV
895 3683 1022 3760 flagrat
1042 3683 1147 3742 estodus
1155 3683 1277 3762 srdgore
1296 3685 1412 3742 remisso

274 3783 366 3842 Voltus
382 3783 436 3857 (sic
451 3783 516 3842 cod.
532 3781 696 3857 Ball.136).

308 3909 447 3970 Boethius
462 3908 515 3967 lV.
570 3907 615 3967 Pr.
648 3910 666 3966 6
688 3908 747 3965 odeo
761 3907 949 3984 flagrantes

453 4007 508 4066 III.
531 4005 616 4066 Metr.
629 4025 664 4065 ra
687 4025 747 4064 cum
761 4005 967 4082 flagrantior
980 4009 1077 4064 rotrora

689 4103 802 4162 Feruor
810 4106 929 4179 pectoris
942 4109 1037 4160 ureret

510 4203 566 4264 III.
588 4203 633 4263 Pr.
652 4224 663 4262 r
688 4211 789 4281 quanm
802 4205 902 4262 ardere
915 4203 1084 4280 flagrares

490 4301 525 4362 V.
548 4303 633 4362 Metr.
650 4323 667 4378 3
690 4301 749 4362 Sed
758 4321 809 4360 cur
823 4309 897 4360 tanto
910 4301 1035 4378 flagrat
1049 4320 1142 4360 amore

268 4423 418 4500 flagrare
433 4436 598 4485 constanter
613 4427 677 4485 cod.
693 4427 774 4484 Trin.
790 4445 864 4485 saec.
877 4425 929 4483 XI.
