3136 5060
603 383 660 444 AD
685 383 795 444 XCIX
820 403 912 460 2,13.
1268 379 1328 442 3³5

234 499 241 526 l

228 561 355 623 Achilles
380 561 483 624 Tatius
507 564 538 622 in
561 563 688 642 Isagoge
717 565 756 626 ad
777 565 858 625 Arati
883 563 1043 624 Phaenom.
1062 584 1097 637 14
1124 563 1168 639 (in
1195 563 1329 641 Dionysii

186 659 297 720 Petauii
318 660 498 738 Vranologio
518 680 547 738 p.
566 665 635 738 134)
658 667 673 718 ό
693 665 740 734 μέν
759 664 844 738 ἀστὴρ
864 665 905 720 καὶ
925 663 1032 738 ἄστρου·
1064 665 1149 720 aba„
1170 664 1198 720 aa
1219 665 1250 720 fs
1268 664 1329 718 ὠά.

185 763 273 818 παλιν.
310 758 393 816 Ὅταν
405 761 493 832 μα’παι
506 762 521 816 d
536 762 705 848 Καλλίμαχος

552 893 613 967 πρὶν
625 892 717 967 ἀατίρι
729 898 767 971 τῷ
780 895 921 968 Βερενίῳ,

186 1025 230 1080 r'rrl
248 1029 295 1081 τοῦ
314 1026 450 1097 alendum
469 1027 554 1099 φησὶν
574 1025 603 1084 ds
624 1029 655 1100 ἐξ
674 1027 740 1085 ἕπτα
760 1032 914 1102 καταφανῶν
934 1028 1075 1104 σύγκειται.
1117 1032 1217 1084 Τοῦτον
1236 1027 1265 1083 δι’
1285 1027 1332 1083 τὸν

186 1127 320 1196 πλόκαμον
333 1125 379 1180 οὒκ
392 1120 589 1200 οἷδενἌραι-αε·
609 1127 772 1201 παρπὴρησε
785 1129 815 1185 δὲ
828 1132 917 1185 Κόνων
932 1130 947 1184 d
960 1129 1141 1201 μαθηματικός.

228 1254 315 1314 Com.
329 1257 367 1314 82

249 1372 343 1446 Quin
365 1371 490 1446 (Quam
511 1372 611 1448 codd.)
633 1374 785 1434 iocunda
805 1374 888 1434 mihi
908 1393 1052 1435 munera
1071 1373 1158 1433 libet
1178 1390 1283 1450 onyx.

228 1511 286 1571 His
299 1531 392 1572 unum
409 1513 472 1590 lpse
486 1513 590 1574 adicio.
632 1513 737 1576 Suidas
751 1519 831 1589 Φόβη·
853 1517 917 1573 ὅστε
940 1515 1026 1590 (ὅστις
1040 1514 1139 1589 codd.)
1162 1514 1251 1588 φόβῃς
1271 1516 1332 1586 ξαν-

188 1612 309 1669 θατόταια
328 1612 416 1682 ἐκόμα,

187 1761 264 1820 quae
277 1742 368 1802 uerba
380 1760 449 1802 cum
463 1741 633 1804 CatullianIs
647 1743 709 1804 istis

230 1881 316 1942 Com.
332 1885 371 1942 62

451 1979 610 2040 Deuotae
630 1980 716 2041 flaui
736 1981 880 2042 uertIcis
901 1983 1047 2041 exuuiae

188 2131 250 2172 nou
263 2113 360 2190 inepte
374 2114 566 2174 conitmxcris.
609 2113 805 2175 Praecedebat
819 2115 941 2175 fortasse
956 2118 1117 2189 Βόστρυχον.

683 2341 732 2403 Ad
744 2361 773 2402 u.
789 2345 837 2417 78.

229 2473 319 2534 Hunc
332 2491 450 2534 uersum
464 2473 504 2534 H.
518 2474 553 2534 Α
570 2475 593 2534 L
609 2473 721 2564 Mutuo
733 2475 775 2535 sic
789 2484 889 2535 censet
903 2474 1089 2535 scribendum

269 2614 418 2688 Quicum
444 2633 511 2694 ego
540 2615 633 2688 (dum
659 2617 761 2692 uirgo
789 2614 964 2694 quondam
993 2615 1070 2689 luit)
1100 2615 1262 2675 omnibus
1289 2633 1330 2676 ex

309 2731 520 2890 Vdgdzmis,
547 2830 615 2872 una
642 2810 739 2871 milia
764 2812 871 2872 multa
900 2813 982 2872 bibi.

188 2945 207 3004 i.
219 2963 243 3004 e.
259 2949 336 3022 ‘quo
350 2963 418 3005 cum
432 2945 540 3004 uertice
552 2944 636 3018 (drun
650 2944 771 3004 domina
783 2946 868 3022 uirgo
883 2944 948 3018 fuit)
962 2963 1027 3022 ego,
1037 2963 1104 3022 pars
1118 2945 1193 3004 illius
1206 2945 1332 3015 uerticis,

188 3049 269 3103 ‘una
282 3044 361 3104 milia
373 3044 465 3104 multa
478 3063 515 3103 ex
531 3045 628 3103 omnis
642 3045 757 3120 generis
770 3046 926 3122 unguentis
945 3045 1022 3103 bibi'
1041 3055 1200 3121 conparato
1215 3045 1333 3104 Lucreti

188 3161 245 3202 usu
264 3161 305 3201 ex
325 3153 393 3220 post
413 3161 514 3203 casum
536 3161 621 3202 suum
640 3143 819 3203 collocantis.
869 3142 945 3203 Vide
959 3161 1027 3202 eum
1041 3143 1078 3202 ad
1093 3143 1206 3202 Lucret.
1222 3143 1246 3202 l.
1262 3147 1331 3215 841.

188 3239 291 3301 PERS
312 3259 366 3319 pro
388 3241 490 3302 PARS
511 3241 599 3302 habet
618 3241 798 3302 Veronensis
818 3241 1025 3320 Palimpsestus
1046 3242 1119 3301 Plini
1139 3241 1180 3300 H.
1195 3241 1233 3302 Ν.
1248 3241 1332 3302 XIV.

187 3361 229 3419 99
244 3361 270 3401 a.
286 3360 325 3400 m.
339 3360 383 3419 pr.

524 3525 763 3585 ADDENDVM
783 3526 822 3586 ad
842 3525 951 3585 LXIX.
968 3545 995 3602 3.

230 3675 403 3754 Legendum
425 3675 547 3735 fortasse
571 3673 640 3734 Non
659 3675 690 3733 si
706 3675 786 3734 ellam
812 3693 913 3736 carae
940 3675 1087 3754 labefactes
1108 3695 1220 3735 munere
1240 3676 1332 3734 uestri.

190 3775 335 3853 Scriptum
356 3776 448 3836 suerat
468 3773 735 3834 Nosiillancare.

506 4001 720 4063 EXCVRSVS
741 4003 780 4062 ad
800 4001 910 4064 XCIX.
928 4021 954 4074 α,
973 4021 1017 4078 13.

230 4154 322 4227 Quod
335 4154 367 4213 in
379 4172 427 4214 uu
445 4173 471 4226 α,
490 4173 525 4230 13
541 4153 659 4214 codices
675 4163 790 4213 tantum
811 4171 874 4212 non
891 4171 996 4212 omnes
1017 4151 1126 4212 habent
1147 4151 1333 4225 ambrosio,

190 4253 316 4314 editores
351 4255 527 4330 scripserunt
561 4253 743 4324 ambrosia,
773 4261 868 4329 potest
896 4253 926 4311 id
957 4263 1065 4311 temere
1093 4251 1201 4310 sactum
1232 4252 1332 4310 uideri.

189 4351 266 4412 Cum
301 4353 380 4411 enim
417 4353 492 4412 inter
531 4371 562 4410 se
604 4353 802 4428 respondeant
841 4350 1020 4409 Sauiolum
1062 4348 1154 4408 dulci
1196 4348 1333 4410 dulcius

188 4450 370 4522 ambrosio,
394 4449 573 4510 Sauiolum
593 4451 685 4510 tristi
709 4450 844 4510 tristius
866 4449 1033 4522 elleboro,
1056 4448 1214 4508 elleborum
1235 4459 1333 4510 autem
