3118 5054
564 403 922 467 PROLEGOMENA.
1264 403 1314 462 ul

168 584 283 646 lentem
305 595 457 663 postremo
481 599 663 660 remeantur,
687 589 756 650 dico
782 590 915 650 codicem
943 607 980 649 ex
1004 605 1065 666 qno
1094 589 1124 647 in
1149 587 1313 648 'I'huanaeo

167 685 271 744 codice
286 685 463 762 descriptum
478 696 523 746 est
541 705 566 745 c.
582 687 677 748 LXII.
720 687 771 747 Sin
785 699 882 748 autem
896 688 961 766 quis
979 688 1063 748 luerit
1077 688 1123 746 cni
1137 687 1195 746 hoc
1209 701 1313 763 parum

167 782 306 842 credibile
323 784 465 856 rideatur,
479 784 582 844 saltem
600 787 744 846 concedat
758 785 907 846 Datannm
925 787 973 846 uel
992 805 1060 845 eum
1079 805 1115 845 ex
1129 804 1190 863 quo
1209 785 1313 844 ductus

168 891 222 951 est,
241 882 281 939 ab
301 882 367 958 ipso
387 881 436 940 illo
458 883 560 942 codice
577 882 750 956 Veronensi,
773 883 1006 944 Germanensem
1027 885 1065 943 ab
1083 883 1221 961 exemplo
1241 883 1313 954 eius,

169 997 231 1040 non
245 981 284 1039 ab
297 981 364 1058 ipso
377 981 557 1057 prouenisse.

210 1077 350 1156 Superest
363 1090 396 1138 ut
409 1081 540 1140 dimmus
553 1081 625 1140 liber
638 1082 812 1159 archetypus
825 1082 919 1160 quals
933 1081 1025 1142 fuerit.
1056 1081 1134 1142 Eum
1148 1081 1313 1141 Lachman-

168 1195 225 1236 nus
244 1177 277 1235 in
298 1178 425 1237 editione
446 1197 500 1238 sua
519 1180 588 1238 anni
605 1182 691 1255 1829,
713 1181 897 1256 septuaginta
915 1198 968 1239 sex
986 1181 1159 1256 paginarum
1178 1178 1312 1251 iaciebat,

167 1294 293 1352 quarum
317 1277 448 1354 singulae
472 1265 578 1355 triginti
602 1297 704 1338 uersus
732 1281 763 1338 in
791 1298 823 1339 se
848 1278 1137 1355 comprehenderent
1187 1278 1257 1337 Hoc
1281 1288 1314 1337 ut

167 1375 303 1446 efficeret,
326 1376 357 1434 in
380 1377 508 1436 carmine
529 1379 543 1437 I
564 1396 656 1438 unum
683 1396 801 1438 uersum
823 1380 904 1455 (post
926 1397 955 1436 u.
971 1381 1003 1453 9)
1025 1389 1054 1436 et
1078 1377 1152 1436 duos
1178 1375 1314 1436 dImidios
1391 1443 1394 1457 Ι

167 1475 352 1552 supplendos
372 1477 520 1548 censebat,
534 1477 565 1538 in
582 1496 608 1537 c.
623 1477 654 1535 II
669 1495 761 1537 unum
776 1475 897 1556 (postu.
916 1475 975 1556 ιο),
994 1477 1025 1536 in
1042 1495 1067 1537 c.
1083 1476 1112 1535 X
1125 1494 1217 1536 unum
1233 1479 1315 1554 (post

167 1591 196 1632 u.
213 1571 274 1651 27),
290 1574 320 1632 in
335 1591 361 1632 e.
376 1573 447 1632 LXI
461 1585 604 1652 quattuor,
623 1593 714 1635 unum
729 1586 796 1653 post
809 1575 884 1655 (90),
904 1577 978 1635 duos
992 1585 1059 1653 post
1074 1573 1168 1653 (136),
1186 1576 1315 1652 priorem

168 1673 288 1750 quidem
309 1690 328 1730 a
348 1671 418 1731 sede
439 1691 492 1732 sua
512 1674 719 1751 transpositum
743 1672 827 1745 Quem
850 1682 940 1734 tamen
965 1676 1056 1749 magn
1078 1675 1200 1745 audien,
1222 1691 1314 1732 ιιιιιιιιι

168 1780 237 1846 post
254 1766 350 1848 (107),
370 1771 401 1829 in
424 1788 450 1830 c.
468 1771 553 1829 LXV
574 1791 625 1831 sex
648 1775 731 1849 (post
750 1791 779 1831 u.
799 1768 841 1851 8),
865 1773 896 1830 in
918 1791 944 1830 c.
964 1770 1096 1830 LXVIII
1120 1788 1212 1830 unum
1233 1769 1315 1849 (post

168 1889 197 1929 u.
218 1869 281 1948 46),
307 1871 379 1930 ailbe
402 1869 484 1948 (post
505 1891 533 1930 u.
552 1874 621 1951 141)
650 1890 775 1950 quorum
803 1889 957 1931 numerum
984 1871 1048 1948 ipse
1072 1888 1134 1930 non
1159 1871 1238 1942 dixit,
1261 1872 1316 1931 sed

169 1967 319 2045 Hauptius
333 1968 402 2028 lacit
416 1969 533 2046 trigInta
547 1967 681 2048 (Quaest.
698 1989 728 2047 p.
740 1968 801 2048 41).
844 1969 959 2029 Deinde
972 1967 1080 2028 LXIV.
1098 1980 1237 2044 334-337
1253 1987 1315 2028 non

168 2079 312 2137 numerat,
340 2085 395 2127 nee
422 2053 591 2126 LXXVIII.
621 2081 700 2143 7-10
727 2066 787 2128 Sed
811 2086 883 2126 marc
910 2068 943 2125 id
971 2067 1178 2137 deleo—anus,
1206 2084 1260 2126 nec
1289 2085 1314 2125 c.

169 2163 339 2223 LXXXIV.
354 2185 382 2240 3,
398 2187 425 2237 4,
444 2183 499 2224 nec
513 2163 609 2224 XCII.
626 2185 686 2240 3,4
708 2183 799 2242 quum
822 2165 853 2224 hi
878 2183 980 2225 uersus
1001 2165 1031 2222 In
1053 2165 1184 2240 margine
1205 2164 1316 2224 codicis

167 2263 207 2321 ad
234 2262 386 2323 Veronam
400 2265 511 2324 reducti
538 2265 636 2341 scripti
664 2263 754 2324 luisse
781 2265 942 2336 uideantur,
970 2264 1049 2324 unde
1076 2262 1186 2323 LXIV.
1214 2265 1313 2338 334-6

167 2361 266 2422 XCII.
283 2381 309 2437 3,
326 2381 344 2434 4
364 2363 395 2421 in
416 2362 565 2440 plerisque
581 2363 661 2422 libris
681 2363 790 2434 omissi,
811 2362 978 2422 LXXXIV.
995 2381 1056 2438 3,4
1076 2362 1106 2421 in
1125 2362 1263 2421 omnibus
1276 2377 1314 2422 ex

166 2460 235 2520 loco
260 2478 316 2520 suo
339 2471 408 2537 post
429 2481 457 2520 u.
476 2479 512 2520 10
535 2461 669 2520 collocati
693 2471 769 2520 sunt.
822 2460 974 2521 Praeterea
998 2478 1087 2520 unam
1111 2461 1249 2537 paginam
1274 2479 1315 2536 3ο

168 2577 316 2630 uersuum,
332 2577 359 2618 c.
373 2558 486 2618 LXXV
500 2568 529 2618 et
540 2557 671 2618 LXXVI
686 2561 894 2632 continentem,
909 2579 946 2619 ex
959 2560 1028 2619 loco
1042 2576 1097 2619 suo
1116 2559 1147 2617 in
1163 2559 1315 2618 codicibus

167 2660 325 2728 turbatam,
347 2659 389 2718 sle
412 2659 590 2736 transposuit
610 2669 643 2718 ut
663 2659 825 2718 carminum
846 2658 892 2718 hic
913 2659 988 2718 ordo
1008 2659 1161 2730 euaderet3
1183 2655 1314 2715 LXXIV

167 2757 249 2834 quod
263 2757 294 2815 in
308 2757 366 2816 fine
380 2757 505 2833 paginae
519 2760 557 2832 ⁶⁷
572 2758 671 2816 statuit
684 2755 1056 2816 LXXVII-LXXXVII.
1073 2774 1181 2833 9=pp.
1194 2757 1243 2827 68,
1254 2757 1313 2831 69;

168 2855 293 2926 LXXV,
308 2854 508 2932 LXXVI=p.
526 2870 581 2930 703
602 2853 803 2913 LXXXVIII.

209 2953 248 3012 In
272 2953 329 3012 bac
351 2953 546 3030 descriptione
566 2954 739 3029 pagiuamm
760 2970 821 3011 non
842 2969 950 3029 queror
969 2949 1192 3010 Iachmannum
1211 2967 1315 3010 uersus

167 3062 273 3112 eontra
291 3051 380 3110 fidem
399 3051 535 3110 codicum
554 3051 728 3122 inseruisse;
753 3068 824 3108 narn
841 3049 932 3109 munita
950 3049 1093 3109 excidisse
1112 3048 1191 3126 apud
1209 3065 1314 3108 omncs

168 3161 293 3210 3633131
336 3148 411 3208 Fam
431 3147 534 3208 salsam
553 3159 653 3209 tamen
676 3167 741 3209 esse
765 3149 856 3209 multa
879 3148 1017 3220 Indicant,
1039 3148 1152 3207 utiam
1174 3163 1314 3224 perspex-

167 3259 254 3309 erunt
281 3247 462 3307 Froebnerus
490 3247 632 3324 Bergkius
657 3247 830 3318 leutsehius
857 3245 1017 3306 Bucherius
1045 3246 1100 3305 3111.
1145 3244 1186 3303 Vt
1212 3244 1313 3320 singil-

167 3349 250 3408 latim
263 3347 364 3406 omnia
377 3365 542 3424 persequar,
557 3347 622 3424 quis
641 3348 741 3407 credat
760 3349 791 3406 in
812 3346 868 3406 e.I
891 3347 1030 3406 amissum
1049 3346 1206 3422 quicquam
1225 3343 1312 3403 esse?

168 3447 249 3508 Nihil
273 3447 311 3506 36
333 3446 507 3505 sententiam
531 3445 621 3516 deest,
643 3464 703 3505 una
726 3446 836 3521 syllaba
855 3445 894 3505 ad
918 3455 1060 3517 metrum3
1086 3445 1189 3505 decem
1211 3457 1313 3502 uersus

167 3547 199 3606 in
221 3564 258 3604 eo
280 3543 367 3604 1111333
387 3545 492 3621 probat
511 3543 598 3602 etiam
612 3543 752 3603 Martialis
771 3543 897 3602 imitator
915 3544 945 3602 in
964 3543 1173 3619 epigrammate
1186 3540 1256 3600 VII.
1274 3541 1312 3598 36

167 3643 251 3722 quod
265 3640 418 3703 manifeste
431 3641 488 3700 hue
502 3640 630 3712 refertur,
644 3641 741 3718 ipsum
755 3651 853 3701 autem
868 3641 970 3701 decem
983 3659 1086 3700 uersus
1099 3639 1196 3698 habet
1224 3637 1313 3696 Mitto

167 3760 194 3802 c.
209 3741 240 3800 II
264 3742 296 3800 in
319 3759 380 3818 quo
404 3740 559 3800 desiderari
586 3741 727 3800 nonnulla
751 3740 838 3800 docet
864 3739 922 3800 loci
950 3740 1100 3800 sententia
1153 3736 1213 3796 Sed
1239 3735 1313 3796 nihil

167 3838 199 3898 in
219 3857 246 3899 c.
261 3839 291 3897 X
311 3839 408 3898 euenit
427 3838 602 3910 huiusmodi,
623 3857 678 3899 nec
699 3849 779 3899 tanta
799 3838 872 3898 fides
892 3837 1045 3898 tribuenda
1065 3847 1110 3897 est
1129 3845 1246 3895 uetusto
1266 3833 1313 3894 isti

168 3938 274 4010 codici,
295 3939 333 3998 63
353 3956 415 4016 quo
434 3939 561 4015 loquitur
575 3937 741 3998 Alexander
756 3937 910 4010 Guarinus,
931 3947 964 3996 ut
984 3954 1073 3997 sensu
1093 3935 1229 3995 carminis
1249 3951 1311 3993 non

168 4044 321 4115 poscente,
336 4046 438 4096 contra
457 4037 628 4114 interpretes
647 4035 803 4114 plerosque
824 4046 853 4096 et
873 4037 970 4113 ipsum
989 4034 1161 4105 Guarinum,
1175 4033 1311 4092 lacunam

166 4135 199 4196 in
213 4133 543 4212 eodeprehendamus1.
585 4134 621 4193 In
635 4153 661 4194 c.
676 4135 746 4193 LXI
761 4145 819 4194 tres
832 4152 933 4194 uersus
946 4142 1014 4211 post
1027 4152 1055 4192 u.
1068 4130 1153 4213 (107)
1169 4129 1311 4190 excidisse

202 4371 211 4402 ¹
227 4372 303 4422 ‘Post
314 4373 393 4436 inquio
401 4374 488 4436 puellae
493 4374 597 4434 fenestra
609 4371 709 4435 requitur
720 4372 744 4420 in
755 4373 830 4420 codice
840 4381 934 4429 33133413,
945 4385 1002 4434 quoe
1012 4385 1058 4418 noer
1068 4369 1141 4418 lucem
1153 4378 1179 4416 ut
1189 4377 1262 4417 331333
1273 4369 1314 4415 ud

168 4457 345 4507 *maran
354 4459 431 4520 potius
439 4467 549 4520 praestas,
559 4467 584 4505 ul
595 4459 619 4504 in
630 4456 768 4521 sequentibus
776 4456 850 4518 potet'
860 4455 985 4518 (f01.xl.·)
1003 4455 1122 4516 Quantum
1131 4454 1198 4502 Ales.
1207 4451 1311 4500 Guarino
