3118 5054
262 399 312 458 xlii
658 399 1017 460 PROLEGOMENA.

325 583 476 646 Editiones
491 583 627 662 antiquae
642 603 765 662 quarum
780 586 810 644 in
825 585 902 644 notis
915 584 1096 644 mentionem
1111 583 1167 645 leci
1182 584 1238 645 bae
1253 591 1329 644 sunt.

309 743 333 782 1.
355 723 454 783 Editio
475 742 551 783 saec.
567 723 625 781 XV
644 723 776 782 omnium
795 703 948 795 rarissima,
968 723 1050 783 cuius
1069 723 1130 799 dup
1149 725 1219 784 noui
1238 723 1421 800 exemplaria

263 823 385 882 alterum
418 825 447 882 in
477 823 584 883 Museo
613 823 789 894 Britannice,
818 824 939 882 altentm
972 823 1003 882 in
1035 823 1217 883 Bibliotheca
1244 823 1417 882 Bodleiana

264 921 347 981 Folia
368 923 456 981 habet
478 941 526 996 4¹·
569 921 605 981 In
627 940 744 981 summo
767 921 800 980 rb
818 923 922 981 eadem
946 923 1050 998 legitur
1072 923 1140 981 Vita
1162 922 1266 982 Catulli
1288 940 1363 999 quae
1386 922 1418 979 in

264 1023 311 1082 ed.
327 1025 395 1082 anni
414 1037 489 1097 1471
505 1043 580 1100 quae
599 1023 690 1099 uulgo
709 1033 738 1080 et
756 1041 773 1082 a
792 1041 840 1081 me
859 1025 995 1100 princeps
1014 1024 1125 1083 dicitur.
1167 1024 1298 1082 Alterum
1313 1023 1417 1082 lolium

262 1121 302 1178 ab
320 1120 540 1197 Epigrammate
562 1123 661 1198 incipit
680 1119 732 1178 Ad
746 1123 875 1196 patrnam
899 1123 1001 1188 uenio:
1026 1121 1056 1179 in
1075 1122 1300 1198 quadragesimo
1319 1123 1418 1198 primo

263 1229 332 1295 post
356 1221 446 1278 uerba
470 1221 583 1280 Catulli
608 1219 767 1278 Veronensis
791 1218 1026 1295 Epigrammaton
1047 1219 1173 1279 Libellus
1196 1221 1344 1296 explicitus
1367 1228 1417 1291 est,

264 1335 340 1394 quae
362 1319 452 1376 uerba
473 1337 561 1394 supra
585 1319 731 1394 inceptam
751 1318 857 1376 lineam
883 1317 1035 1394 Tamquam
1058 1322 1191 1376 commicte
1211 1320 1317 1396 scripta
1338 1331 1416 1391 sunt,

264 1417 392 1491 sequitur
405 1414 571 1493 Regtitrum
587 1417 672 1474 haras
690 1417 766 1474 libri.
810 1416 947 1493 Singulae
967 1417 1092 1494 paginae
1110 1417 1281 1495 plerumque
1298 1437 1336 1492 30
1350 1435 1415 1476 uer·

263 1532 314 1573 sus
336 1515 453 1574 habent.
495 1515 654 1590 Exemplar
675 1513 870 1574 Bodleianum
895 1525 1004 1574 cartam
1029 1515 1157 1574 adfixam
1181 1515 1277 1587 habet,
1301 1517 1331 1575 in
1356 1533 1416 1592 qua

263 1611 337 1672 haec
352 1615 459 1691 scripta
474 1625 541 1672 sunt
556 1613 618 1673 ‘Ce
636 1613 705 1672 livre
723 1615 834 1672 semble
851 1625 911 1672 etre
928 1633 969 1674 un
987 1615 1061 1673 essai
1077 1615 1113 1673 de
1130 1615 1194 1674 l'art
1208 1627 1236 1674 et
1252 1616 1416 1691 appartient

265 1717 345 1768 ‘aux
367 1713 523 1788 premieres
545 1710 653 1770 annees
676 1713 713 1771 de
734 1711 928 1787 l’impression
949 1731 1020 1771 avec
1042 1713 1094 1771 des
1116 1725 1244 1772 caractes
1265 1713 1414 1784 romains;

264 1807 483 1884 ‘l’irregularite
503 1810 556 1868 des
574 1810 677 1886 lignes,
691 1809 847 1885 l'inegalite
866 1811 918 1868 des
937 1810 1043 1881 lettres,
1058 1810 1087 1868 la
1102 1810 1258 1870 difference
1273 1828 1330 1888 que
1349 1809 1415 1888 pre·

264 1911 403 1967 ‘sentent
430 1909 473 1967 les
501 1921 661 1969 caracteres
690 1908 861 1985 identiques,
885 1909 913 1968 la
937 1908 1031 1968 sorme
1060 1910 1112 1968 des
1141 1911 1326 1986 majuscules,
1351 1921 1416 1970 tout

264 2008 402 2065 ‘montre
421 2006 564 2066 l’enlance
578 2008 615 2066 de
632 2007 703 2066 l'art.
745 2006 790 2065 La
811 2008 952 2084 premiere
973 2007 1082 2066 edition
1103 2026 1220 2066 connue
1242 2009 1279 2068 de
1301 2008 1414 2068 Catulle

263 2103 360 2180 ‘joint
378 2124 395 2163 a
410 2105 525 2164 Tibulle
540 2105 686 2181 Properce
700 2115 728 2166 et
742 2103 879 2181 Papinius
895 2104 1002 2164 Statius
1021 2116 1065 2165 est
1085 2106 1121 2164 de
1140 2119 1233 2179 147a;
1255 2106 1355 2165 celleci
1375 2125 1414 2166 ne

264 2206 271 2232 ¹
288 2203 419 2262 contient
430 2223 486 2280 que
499 2203 611 2263 Catulle
622 2215 651 2264 et
663 2204 693 2280 je
707 2223 745 2263 ne
760 2204 787 2262 la
802 2215 902 2263 trouve
917 2203 989 2262 citee
1004 2203 1079 2262 dans
1093 2221 1189 2262 aucun
1204 2204 1256 2263 des
1270 2221 1414 2281 ouvrages

265 2301 324 2359 ‘de
340 2302 551 2378 bibliographie
566 2322 623 2378 que
641 2303 690 2378 j'ai
705 2322 745 2380 pu
761 2302 916 2361 consulter.
959 2301 1002 2360 Le
1020 2303 1140 2378 registre
1158 2303 1208 2378 qui
1226 2321 1257 2363 se
1277 2313 1377 2368 trouve
1396 2319 1416 2364 a

264 2403 271 2428 ⁴
287 2398 315 2456 la
335 2402 374 2457 80
392 2419 467 2476 page
487 2419 597 2476 prouve
615 2420 672 2477 que
692 2400 719 2459 le
738 2401 853 2460 volume
874 2412 918 2459 est
937 2401 1066 2478 complet
1084 2411 1113 2460 et
1126 2399 1195 2475 qu’il
1211 2401 1260 2477 n'y
1273 2419 1292 2458 a
1308 2401 1414 2478 jamais

263 2501 323 2556 ‘eu
347 2498 384 2556 de
407 2509 482 2557 cette
507 2499 616 2558 edition
638 2518 696 2575 que
720 2499 746 2558 le
771 2500 832 2558 seul
855 2499 975 2558 Catulle.
1027 2498 1112 2558 Cette
1137 2499 1244 2558 edition
1269 2517 1306 2558 ne
1329 2511 1414 2576 porte

264 2599 383 2654 ‘aucun
404 2613 475 2654 nom
494 2597 530 2655 de
548 2597 613 2669 lieu,
629 2599 702 2657 mais
722 2597 751 2657 la
772 2599 844 2656 fleur
863 2599 899 2656 de
920 2599 954 2657 lis
974 2599 1023 2675 qui
1042 2617 1075 2656 se
1094 2608 1194 2658 trouve
1209 2599 1308 2675 peinte
1324 2616 1362 2656 en
1380 2616 1415 2657 or

263 2695 361 2753 ‘dans
375 2695 402 2752 le
418 2693 447 2766 Q
462 2697 620 2772 majuscule
642 2697 679 2756 de
700 2697 727 2755 la
748 2698 890 2774 premiere
911 2716 987 2774 page
1009 2698 1137 2774 pourrait
1156 2697 1226 2756 saite
1246 2699 1337 2756 croire
1355 2716 1413 2773 que

263 2792 358 2851 ‘c'est
378 2811 436 2851 une
458 2795 634 2869 impression
656 2795 692 2854 de
712 2793 811 2853 Paris!
854 2793 951 2854 Potuit
973 2805 1072 2852 tamen
1093 2795 1257 2853 Florentiae
1278 2795 1413 2870 imprimi,

263 2909 330 2948 cum
345 2891 579 2950 Florentinorum
597 2912 714 2970 quoque
733 2894 763 2952 in
782 2893 945 2969 insignibus
964 2893 1042 2952 idem
1062 2892 1117 2951 flos
1136 2891 1228 2952 luerit.
1272 2893 1414 2952 Merlinus

263 2987 363 3048 Vlrico
388 2989 467 3061 Han,
493 2991 651 3068 inpressori
677 2991 824 3062 Roman0,
849 2991 961 3063 tribuit;
991 2989 1136 3049 anetus
1161 2989 1297 3050 Andreae
1325 2990 1414 3050 Gallo

262 3087 437 3159 Ferrarensi,
453 3090 502 3165 qui
517 3090 595 3149 hunc
610 3091 715 3149 librum
730 3103 868 3167 tanquam
885 3091 1011 3166 primum
1032 3091 1180 3167 specimen
1195 3091 1327 3166 uulgarit,
1342 3107 1414 3150 mox

263 3185 381 3244 daturus
399 3188 549 3247 cultiorem
568 3187 732 3248 Martialem
754 3207 887 3265 quaeque
909 3189 965 3247 alia
985 3189 1153 3265 prodierunt
1175 3189 1312 3247 Ferrarae
1333 3207 1414 3248 anno

266 3302 353 3361 1471.
397 3287 455 3346 Sed
471 3288 620 3359 Martialis,
635 3291 717 3348 cuius
732 3290 881 3365 exemplar
895 3299 988 3348 exstat
1007 3290 1038 3346 in
1053 3289 1229 3347 bibliotheca
1243 3289 1413 3361 Bodleiana,

262 3395 323 3442 tam
346 3385 454 3444 nitidus
476 3398 520 3445 est
543 3398 572 3445 et
593 3388 725 3446 excultus
749 3399 781 3446 ut
805 3406 873 3446 cum
896 3386 951 3446 bac
976 3387 1104 3446 editione
1127 3386 1233 3446 Catulli
1256 3387 1305 3446 uix
1330 3405 1413 3446 com-

264 3485 410 3560 parandus
425 3485 564 3544 uideatur.

324 3701 480 3762 Lectiones
493 3703 587 3762 adieci
602 3721 676 3780 quae
691 3703 877 3762 notabiliores
892 3701 961 3761 mihi
975 3704 1056 3762 uisae
1070 3713 1146 3762 sunt.

304 3841 360 3902 I.a
384 3845 489 3921 punice
585 3845 685 3904 seculo
776 3845 848 3904 illuc
869 3845 948 3904 unde
1039 3845 1197 3906 Olactum
1219 3846 1295 3906 male
1316 3847 1413 3907 bonus

261 3939 309 4000 ille
335 3959 435 4016 passer
580 3943 706 4020 gemelle
734 3955 830 4002 castor
977 3963 1046 4002 nam
1074 3945 1104 4001 ni
1133 3945 1262 4020 perualet
1290 3945 1344 4004 ista
1371 3947 1412 4005 nil

262 4049 374 4098 taceres
466 4040 597 4100 exlututa
618 4043 732 4119 pandas
825 4061 916 4120 quom
937 4043 1038 4102 iocosa
1059 4043 1167 4101 fiebant
1259 4045 1411 4120 quomodo

263 4157 294 4196 se
316 4138 436 4198 baberet
538 4139 608 4198 nihil
630 4157 726 4217 neque
746 4140 817 4218 ipsis
918 4159 973 4200 nec
995 4141 1123 4202 lacerent
1144 4141 1193 4220 pili
1294 4143 1413 4219 cerapin

262 4253 394 4312 pararem
487 4237 596 4297 insulsa
691 4241 852 4315 arabasque
894 4231 895 4236 ¹
947 4258 999 4300 seu
1014 4259 1117 4317 sacgas
1221 4241 1290 4301 Hoc
1305 4241 1411 4302 falsum

262 4353 327 4394 esse
348 4345 433 4410 putas
515 4337 653 4396 tricentos
736 4356 772 4394 ex
794 4338 900 4397 hiberis
982 4338 1059 4398 male
1080 4340 1217 4416 perderes
1299 4359 1411 4399 nouum

262 4444 306 4491 est
334 4445 480 4510 repertum
560 4436 564 4446 ’
591 4435 654 4494 silla
681 4435 819 4494 litterator
932 4436 1003 4496 lalse
1031 4439 1073 4496 sic
1101 4439 1191 4496 abibit
1304 4439 1412 4516 suphe-
