3118 5054
269 383 375 442 xxxviii
662 382 1019 445 PROLEGOMENA.

268 571 276 596 ⁴
292 567 397 626 sed-ex
410 567 506 624 treiee'e's
519 564 597 640 legit,
612 575 641 624 et
655 566 685 623 ln
699 565 872 625 lectionibus
886 566 1000 625 duabus
1017 583 1106 642 supra
1124 565 1216 625 allads
1235 565 1382 624 discordat
1402 569 1423 624 a

269 665 394 724 ‘codice
415 665 438 722 I.
455 667 511 736 673
532 665 572 722 ita
592 673 625 724 ut
645 665 723 724 hunc
745 665 867 724 omnino
888 666 1007 725 arbitrer
1027 683 1093 724 esse
1113 664 1247 724 codicem
1270 684 1288 724 a
1308 665 1422 724 Vossio

268 769 277 796 ⁸
293 765 401 823 dictum
418 762 678 834 Mediolanensem,
693 774 722 822 et
736 764 813 823 hunc
827 766 922 824 uirum
935 783 1027 824 unum
1041 783 1109 825 cum
1124 766 1214 825 altero
1229 766 1331 825 codice
1347 785 1421 826 con-

270 871 278 895 ·
293 861 402 920 fudisse
416 862 446 919 ln
460 861 527 921 loco
543 862 579 920 ad
594 861 692 920 Carm.
705 862 761 920 68.1

309 966 348 1024 B.
383 967 587 1036 Bononiensis,
617 986 655 1042 94
684 965 882 1025 Bibliothecae
910 965 1083 1025 Monasterii
1112 967 1194 1042 quod
1228 985 1308 1026 anno
1340 971 1418 1041 1863

272 1063 301 1124 S.
313 1063 471 1124 Saluatoris
482 1064 534 1123 fuit
545 1063 705 1124 Bononiae.
737 1062 983 1123 Membranaceus
997 1074 1049 1134 est,
1064 1063 1151 1123 habet
1166 1063 1311 1122 Catullum
1325 1083 1420 1122 unum

270 1161 347 1220 loliis
362 1175 400 1235 53
416 1179 553 1220 uersuum
570 1174 616 1234 25.
659 1161 756 1218 ana
775 1159 884 1235 pagina
903 1161 1037 1236 leguntur
1051 1159 1192 1217 XXXIV.
1211 1160 1418 1233 15-XXXV.

272 1278 308 1332 14
327 1256 371 1314 Tu
386 1265 478 1332 poteras
498 1260 587 1315 tre'ro‘o
606 1264 632 1315 et
649 1264 708 1314 noto
724 1255 934 1329 ese-Dindymi
947 1257 1082 1314 ἄοπιὺιαπι
1101 1275 1140 1314 ex
1160 1276 1188 1313 eo
1208 1259 1309 1314 moselle
1330 1258 1419 1316 altera

269 1355 395 1414 XXXV.
419 1354 674 1428 15-XXXVI.7
701 1353 785 1430 Ignes
808 1357 963 1412 entereornn
984 1355 1068 1413 edunt
1086 1355 1418 1429 medullam-tordepedr',

269 1470 330 1528 quo
353 1451 497 1511 uocabulo
522 1452 620 1511 clausa
644 1463 688 1510 est
712 1453 838 1510 necdum
862 1451 944 1510 finita
967 1453 1093 1527 pagina:
1126 1453 1207 1510 tertia
1232 1452 1417 1527 prooemium

267 1549 418 1608 Ciceronis
431 1549 495 1606 libri
510 1547 556 1606 De
571 1547 682 1608 Officiis
699 1547 872 1624 Quamquam
888 1555 921 1618 te,
935 1547 1038 1606 Marce
1048 1547 1323 1624 filess-Quomobrem
1337 1569 1418 1625 mog-

268 1655 364 1720 nopere
380 1651 404 1702 te
421 1652 508 1716 ortor,
522 1648 565 1703 mi
577 1645 682 1716 Cicero,
701 1652 806 1703 utnon
825 1647 912 1702 solum
933 1647 1067 1703 orationes
1087 1665 1161 1703 meas
1181 1647 1231 1703 sed
1247 1645 1296 1703 hos
1315 1649 1418 1703 edom:

268 1753 372 1819 quarta
385 1743 531 1819 quaedam
550 1742 654 1802 Latine
672 1743 787 1818 scripta,
802 1742 855 1800 sed
875 1741 915 1800 ita
934 1752 967 1800 ut
988 1761 1049 1801 non
1069 1743 1192 1801 omnino
1212 1742 1309 1818 legere
1329 1753 1417 1819 potu·

269 1841 350 1899 erim.
393 1839 451 1898 Iste
472 1840 601 1901 Catullus
621 1847 661 1898 est
672 1838 827 1897 Franceice'
837 1838 972 1896 Borbore'
989 1839 1082 1896 Veneti
1091 1842 1282 1916 patriai-quo
1296 1867 1340 1906 Λ.
1352 1860 1416 1902 nr.

269 1937 373 1996 Iamno
393 1939 524 1996 corodeno
543 1957 592 1995 suo
612 1939 728 1995 donatus
747 1943 794 2006 est,
808 1955 869 1994 cum
890 1955 918 1993 eo
934 1939 1019 2010 proies
1037 1934 1159 1994 Iamnus
1266 1937 1302 1995 ab
1322 1939 1417 1996 hones·

266 2038 372 2094 teise'mo
398 2054 432 2093 ac
458 2036 613 2094 clarissimo
635 2036 721 2110 patri
745 2033 856 2092 Donato
887 2033 1084 2108 archiepiscopo
1112 2033 1273 2093 Cretensem
1300 2036 1418 2094 donatus

256 2137 373 2214 sunsei.
415 2134 527 2206 Quinta
551 2135 651 2212 incipit
675 2133 866 2209 Epigramma
889 2133 942 2190 Ad
957 2135 1084 2206 potrehm
1109 2135 1194 2203 muto,
1220 2134 1287 2192 deis
1310 2133 1418 2193 Catulli

269 2232 367 2291 Carm.
382 2232 406 2290 1.
448 2232 536 2292 Initio
557 2233 620 2290 libri
640 2232 744 2307 legitur
763 2231 908 2289 distichon
927 2248 987 2306 quo
1008 2229 1161 2288 Hermolai
1181 2228 1300 2289 Barbari
1321 2233 1417 2290 codex

268 2330 359 2388 luisse
380 2329 499 2402 dicittu;
522 2330 552 2386 in
571 2329 675 2388 ultimo
695 2339 793 2387 autem
814 2327 885 2386 solio
906 2328 1087 2404 epigramma
1101 2327 1417 2402 ¹hendecasyllaborum

271 2445 318 2498 24,
344 2427 390 2484 cui
413 2427 607 2502 subscriptum
632 2437 676 2484 est
699 2444 810 2485 nomen
830 2425 932 2483 Herm.
952 2425 1091 2483 Barbari.
1134 2425 1205 2497 Post
1225 2444 1250 2484 c.
1271 2423 1416 2486 CXVI.8

267 2524 355 2582 habet
372 2522 484 2583 Catulle·
502 2523 660 2581 Veronensis
676 2524 746 2581 lr'ber
752 2524 826 2599 finit
831 2544 847 2590 ,·
869 2523 938 2582 dein
950 2521 1132 2598 Epe'taple'ron
1147 2521 1223 2580 Iulli
1235 2523 1369 2582 Caesarei
1386 2525 1419 2582 de

263 2631 350 2696 puero
372 2622 401 2677 in
423 2638 503 2676 omne
523 2639 681 2678 sunmerso.
724 2620 847 2679 ‘Thrax
867 2639 939 2696 puer
958 2620 1075 2679 astricto
1093 2619 1185 2695 glacie
1207 2620 1277 2678 dum
1296 2621 1373 2680 ludit.
1387 2623 1417 2678 in

268 2716 408 2776 ‘Hebro'
427 2723 502 2776 enh.
537 2716 707 2790 (Burmann.
728 2717 846 2777 Anthol.
865 2717 928 2778 Lat.
944 2716 981 2776 T.
997 2717 1036 2776 II.
1057 2735 1085 2792 p.
1102 2718 1154 2791 62)
1170 2726 1232 2776 tum
1251 2718 1417 2794 priaphncm

271 2814 363 2874 Conni
371 2817 467 2890 equitis
481 2815 614 2873 Romani.

433 2937 459 2995 0
466 2941 579 3012 patre'oe
591 2946 680 2996 rector
696 2937 767 2997 Cato
776 2944 887 3013 pectore,
902 2938 1012 2996 ue're'bus
1026 2936 1132 2996 Hector

430 3035 497 3092 Heu
511 3036 588 3092 decus
601 3039 744 3110 onte'quum
759 3038 807 3092 ut'r
824 3035 1027 3110 Cennee'polma
1045 3033 1188 3105 Que're'tum

435 3129 522 3189 Ortus
535 3131 629 3190 Romo
642 3134 688 3188 tui
697 3133 772 3190 loeus
785 3139 826 3190 est
832 3135 918 3207 popio
932 3131 1077 3206 sepulchri.

265 3263 330 3312 tum
351 3251 457 3310 Iineui
472 3271 545 3310 anno
558 3250 615 3308 II1
629 3253 815 3329 Pontficatus
832 3251 969 3310 Iohannis
983 3250 1116 3310 XXIII.
1140 3250 1227 3309 VIII.
1246 3253 1280 3310 er
1293 3252 1416 3328 Apriles.

267 3349 405 3408 Rr'uoalte'.
421 3350 589 3407 neerom'mus
603 3349 734 3408 Donatus
743 3352 890 3424 patremus.
926 3349 1029 3408 Codex
1043 3359 1088 3408 est
1101 3350 1176 3407 inter
1189 3350 1415 3427 antiquissimos,

268 3447 405 3526 (scriptus
426 3457 469 3504 est
490 3447 568 3504 enim
590 3464 670 3506 anno
695 3444 785 3524 1411)
808 3446 859 3504 sed
880 3446 985 3505 multas
1006 3463 1110 3522 passus
1132 3448 1335 3506 correctiones.
1377 3447 1417 3506 Et

267 3557 336 3605 sunt
346 3562 407 3604 non
418 3545 503 3621 pauci
517 3544 574 3604 loci
588 3545 638 3603 ubi
652 3547 776 3621 primam
790 3543 946 3602 lectionem
957 3542 1139 3602 nullomodo
1153 3545 1231 3602 licuit
1242 3544 1415 3604 discernere.

267 3641 334 3701 Has
352 3653 451 3701 tamen
470 3641 639 3718 plerumque
655 3643 827 3717 dignoscere
842 3658 878 3698 eo
893 3651 954 3698 erat
968 3640 1086 3711 facilius,
1101 3642 1182 3717 quod
1196 3641 1269 3700 inter
1283 3641 1416 3700 Bononi-

267 3757 368 3799 ensem
383 3751 412 3799 et
426 3738 652 3798 Laurentianum
667 3757 678 3796 1
697 3755 731 3796 ae
745 3736 920 3795 Vaticanum
934 3737 1062 3796 maxima
1076 3747 1120 3795 est
1133 3739 1297 3798 consensio.
1334 3737 1415 3797 Nam

266 3836 297 3893 in
318 3837 455 3895 omnibus
475 3847 507 3895 ut
528 3837 615 3895 etiam
635 3836 666 3893 in
687 3835 818 3893 Parisino
836 3837 914 3910 8233
937 3845 966 3893 et
986 3835 1175 3910 Phillippensi
1196 3853 1349 3910 peruersus
1370 3847 1416 3896 est

266 3936 341 3994 ordo
355 3935 517 3993 carminum
532 3932 773 4003 XXIV—LXII,
789 3951 863 4008 quae
885 3933 926 3992 sic
947 3950 978 3990 se
999 3933 1146 4008 excipiunt
1166 3932 1277 3990 XXIV.
1297 3951 1333 3991 ro
1354 3933 1416 3992 Nec

264 4051 377 4090 seruum
391 4039 481 4088 tamen
495 4032 543 4088 ille
555 4031 636 4088 hobel
647 4049 729 4105 neque
741 4049 848 4101 orcam,
863 4030 972 4089 XLIV.
989 4049 1023 4088 ar
1044 4029 1103 4100 Qui
1118 4037 1184 4087 tunc
1201 4036 1282 4087 uocat
1298 4050 1339 4088 me
1353 4051 1416 4090 cum

264 4133 369 4190 molum
389 4131 492 4188 librum
514 4130 691 4204 legatusque
711 4129 749 4187 ad
769 4127 865 4187 LXII.
881 4130 919 4186 66
940 4128 1051 4202 Hymen
1074 4127 1100 4185 0
1120 4127 1284 4204 Hymenaee,
1303 4128 1416 4202 Hymen

265 4229 329 4285 ades
343 4247 357 4285 o
370 4226 534 4300 IIy’menoee,
549 4225 645 4284 XXV.
661 4244 673 4283 1
693 4225 813 4286 Concede
829 4222 861 4280 T
854 4209 909 4282 olle
924 4225 1031 4282 mollior
1044 4226 1171 4283 cuniculi
1180 4225 1288 4300 eaprllo,
1302 4223 1415 4284 LXIII.

270 4343 294 4396 1,
318 4324 373 4383 nisi
398 4323 477 4400 quod
503 4321 699 4382 BononIensis
727 4333 756 4381 et
780 4321 984 4398 Philippensis
1011 4333 1126 4397 ponunt
1150 4323 1259 4384 XLIV.
1284 4342 1318 4382 a1
1346 4335 1415 4400 post

737 4447 746 4478 ¹
763 4448 786 4496 h.
797 4463 816 4495 e.
828 4449 935 4497 secundo.
