3136 5060
502 425 732 488 CARMINVM
761 425 951 485 CATVLLI.
1243 425 1299 480 291

391 665 427 723 Α.
446 683 470 724 1.
513 663 653 724 Carmina
667 665 785 741 paribus
800 681 917 741 semper
931 661 1067 740 strophis.

193 793 227 852 C.
242 793 303 852 VII
324 793 354 852 in
375 812 428 854 sex
449 794 584 873 strophas
605 795 683 856 eadit
705 795 842 854 binorum
863 811 1000 853 uersuum
1019 791 1050 870 (a
1063 791 1126 869 xo)
1146 791 1238 851 simile
1258 801 1303 850 est

150 889 246 969 Priap.
257 891 379 950 XXXII
401 891 467 951 Vuis
480 893 593 951 arilirbr
606 893 701 968 puella
718 894 812 968 passis
824 891 916 950 Buxo
932 891 1070 966 pallient
1086 908 1210 966 nouaque
1229 907 1303 960 cera,

150 990 232 1066 quod
246 1000 361 1067 septem
375 991 510 1067 strophas
524 991 613 1050 habet
625 991 761 1050 binorum
778 993 808 1062 (a
820 1005 841 1046 x
854 993 895 1064 7).

191 1087 238 1146 De
253 1106 279 1146 c.
291 1087 380 1145 XXX
394 1087 453 1146 dixi
466 1089 525 1146 iam
539 1087 577 1147 ad
591 1087 697 1146 locum.
738 1085 785 1144 Ex
799 1085 865 1156 hoc,
881 1085 1014 1144 nondum
1028 1083 1110 1144 lectis
1124 1101 1199 1160 quae
1213 1083 1251 1142 de
1265 1101 1302 1142 eo

150 1185 328 1261 scripserant
341 1185 456 1262 Anglus
475 1187 505 1244 in
523 1185 647 1262 Ephenu
663 1183 755 1244 Class.
771 1183 823 1242 IV.
841 1197 908 1259 297,
928 1182 995 1240 XV.
1010 1196 1076 1257 107,
1094 1181 1303 1240 Lachmannus

150 1284 181 1340 in
195 1281 316 1358 Bergkii
329 1293 359 1342 et
373 1281 506 1342 Caesaris
519 1282 598 1342 Diar.
614 1283 714 1358 Antiq.
733 1284 820 1355 1845,
838 1299 867 1357 p.
880 1300 949 1356 492,
971 1289 1104 1357 putaram
1124 1297 1216 1337 unum
1237 1295 1302 1336 uer·

150 1398 217 1438 sum
231 1390 300 1456 post
314 1400 332 1454 3
347 1381 508 1452 excidisse;
530 1379 561 1439 id
575 1380 599 1439 si
613 1398 682 1438 uere
696 1389 759 1437 tum
774 1379 937 1456 suspicatus
954 1375 1113 1454 sum-(et
1127 1375 1218 1453 potui,
1232 1394 1312 1459 nam
1429 1432 1434 1446 ,

150 1477 303 1536 Theocriti
314 1478 448 1550 Ἠλαιάτη
467 1479 549 1555 quod
568 1478 674 1537 eodem
696 1487 789 1536 metro
811 1477 950 1553 scripturn
971 1485 1100 1545 estnon
1121 1485 1218 1551 potest
1239 1478 1302 1530 nard

150 1575 197 1632 δύο
211 1575 352 1650 distribui,
368 1586 413 1636 est
431 1578 511 1636 enim
528 1593 564 1651 25
579 1576 910 1650 uersuum-carminis
924 1575 999 1634 duae
1013 1585 1081 1632 sunt
1096 1585 1201 1650 partes,
1216 1591 1301 1632 seno·

149 1691 216 1732 rum
230 1683 379 1751 utraeque,
394 1675 506 1752 quibus
513 1675 701 1751 interpositus
714 1685 759 1733 est
773 1693 850 1734 unus
864 1691 918 1752 pro
933 1673 1061 1733 Mesodo

298 1803 381 1863 Eheu
394 1805 590 1883 quidsaciiani,
605 1807 669 1877 dice,
684 1805 804 1864 homines
817 1807 895 1863 curia
907 1803 1140 1880 habeantfidem?

151 1933 240 1995 Nunc
254 1954 323 1995 cum
336 1935 530 1996 Lachmanno
543 1947 574 1995 et
586 1937 769 2014 Westphalio
781 1937 823 2016 (p.
835 1935 915 2014 271).
960 1937 1081 2014 Sappho
1096 1937 1142 1996 uel
1157 1937 1300 1996 Alcaeum

151 2030 299 2092 Catullum
320 2034 366 2094 hic
388 2035 530 2095 minium
552 2037 682 2094 arbitror.
736 2035 839 2112 ltaque
860 2037 924 2092 κατὰ
944 2036 992 2091 δύο
1014 2035 1153 2106 distribui,
1176 2037 1228 2095 sed
1252 2037 1300 2102 ita,

150 2141 183 2189 ut
206 2131 308 2191 relicto
331 2143 401 2210 post
422 2151 439 2208 3
462 2133 587 2192 duorum
612 2134 717 2211 spatio,
742 2141 836 2192 totum
862 2152 898 2192 ex
923 2133 1144 2210 quatuordecim
1169 2134 1300 2193 uersibus

152 2239 286 2288 constare
305 2229 418 2290 faciam

192 2357 227 2418 C.
242 2359 389 2431 XXXIII,
412 2359 476 2430 XL,
501 2360 572 2418 XLI
596 2361 653 2420 hoc
677 2361 786 2420 habent
810 2379 976 2433 commune,
1002 2363 1084 2438 quod
1108 2363 1208 2421 omnia
1233 2373 1301 2421 sunt

151 2467 220 2516 octo
238 2475 384 2517 uersuum.
428 2457 487 2517 Sed
505 2457 642 2516 XXXIII
661 2460 691 2517 in
707 2479 764 2530 4‚4
785 2459 969 2518 distributum
991 2470 1052 2532 est;
1075 2458 1139 2530 XL,
1155 2458 1225 2518 XLI
1239 2478 1301 2519 non

151 2554 248 2612 solum
262 2556 292 2612 in
308 2575 367 2627 4,4
382 2555 434 2614 sed
448 2556 552 2614 iterum
567 2555 596 2613 in
612 2576 659 2627 aa,
676 2575 711 2615 aa
730 2557 910 2629 scinduntur,
924 2557 954 2615 id
971 2559 1050 2616 enlm
1069 2557 1100 2615 in
1117 2556 1187 2615 XLI
1202 2557 1301 2617 Catul-

151 2651 212 2711 lum
226 2651 355 2712 uoluisse
369 2663 452 2713 acute
467 2655 614 2732 perspexit
628 2653 817 2726 Ribbeckius,
832 2674 900 2714 curn
918 2656 997 2714 idem
1016 2657 1192 2716 uocabulum
1207 2659 1301 2732 puella

151 2749 269 2810 alternis
283 2751 415 2810 uersibus
432 2771 444 2809 1
459 2765 533 2828 357
550 2751 703 2829 scripserit,
712 2753 758 2812 bis
777 2762 844 2830 post
854 2763 987 2831 quartam
998 2754 1138 2831 syllabam
1154 2757 1195 2830 (1,
1209 2759 1239 2831 7)
1255 2756 1301 2816 bis

153 2859 221 2924 POV
236 2861 349 2910 senam
366 2853 408 2925 (3,
421 2854 463 2924 5)-

377 3005 429 3046 ι-
437 2981 563 3040 Ameana
578 2982 674 3059 puella
687 2981 812 3061 desuiuia

481 3077 549 3138 lbra
564 3082 642 3138 miliia
655 3100 697 3140 me
709 3083 793 3140 decem
801 3084 928 3158 poposcit,

437 3175 500 3236 Isto
512 3180 649 3254 turpr‘ado
662 3181 757 3257 puella
771 3199 848 3251 naso,

476 3275 635 3334 Decoctoris
648 3279 738 3334 amr'ca
751 3275 786 3333 F
781 3279 911 3335 ormiani.

436 3371 603 3448 Propinqui,
618 3373 716 3449 quibus
728 3380 769 3432 est
780 3375 875 3450 puella
889 3393 981 3446 cetrae,

476 3470 588 3530 Amicos
602 3472 764 3547 nudicosque
776 3479 924 3530 conuocati.

436 3565 504 3627 Non
518 3576 559 3627 est
569 3588 640 3628 sana
655 3570 759 3646 puella,
773 3590 820 3628 nec
834 3589 938 3646 rogare

479 3665 578 3737 Qualr's
591 3669 630 3725 sit
640 3669 706 3726 solet
716 3687 762 3726 aes
776 3669 967 3745 riaagrirosum.

191 3807 225 3866 C.
241 3808 373 3867 XLVIII
394 3811 475 3886 quod
499 3811 537 3870 ad
559 3810 725 3870 quentium
750 3813 864 3889 scripsit
886 3811 1016 3872 Catullus
1040 3823 1145 3889 sponte
1170 3813 1201 3872 in
1226 3814 1300 3875 duas

148 3907 287 3984 strophas
301 3908 442 3968 trinorurn
457 3910 597 3970 scinditur
612 3908 643 3988 (3
654 3925 675 3968 x
689 3908 727 3990 a).

676 4114 713 4172 A.
736 4113 775 4173 11.

191 4237 362 4298 Canninum
381 4241 403 4310 1,
420 4239 502 4312 XVI,
517 4240 630 4312 XXXI,
648 4240 733 4300 LVII
755 4261 815 4302 una
836 4253 880 4302 est
900 4243 990 4316 rati03
1013 4245 1176 4321 pariterque
1197 4245 1296 4316 XVII,

148 4336 291 4410 XXXVI,
306 4337 464 4410 XXXVII,
479 4339 574 4398 XLII.

190 4433 225 4492 C.
241 4435 255 4492 I
272 4445 302 4494 et
322 4435 407 4495 LVII
425 4449 546 4514 utraque
566 4438 708 4497 denorum
729 4451 804 4510 sunt,
824 4439 876 4499 sed
896 4458 956 4498 non
977 4441 1137 4501 diuisorum
1158 4444 1295 4502 similiter.

680 4559 697 4603 r
713 4561 733 4625 p
749 4563 766 4609 a
