3074 5066
515 399 744 460 CARMINVM
769 401 957 461 CATVLLI.
1249 404 1307 460 261

157 579 204 660 (3)
220 593 330 658 postu
346 583 383 656 58
399 580 567 640 addendum
582 584 618 641 sit
632 583 758 654 ἐφύμνιον
770 581 881 656 Hymen
898 581 1100 658 OHymenaee,
1114 581 1226 658 Hymen
1246 582 1311 640 ader

161 678 188 736 0
200 679 357 754 Hymenaee
371 697 409 736 an
424 680 559 738 consulto
574 680 610 738 sit
624 681 774 738 omissum.

201 770 247 852 (ι)
263 793 291 832 u
307 794 341 845 14
356 773 418 833 Nec
437 778 538 832 merum
553 777 666 849 penitus
687 794 755 851 quae
772 781 825 832 tota
847 781 929 833 mente
950 776 1079 834 laborant
1097 777 1127 834 in
1148 775 1212 834 solo
1228 775 1309 834 Thu-

158 889 255 930 anaeo
277 871 379 930 codice
401 882 487 940 extat,
503 890 558 931 nec
583 873 613 929 iu
634 890 671 931 eo
692 873 841 948 legebatur
860 873 961 931 codice
985 874 1034 948 qui
1054 874 1172 932 ineunte
1192 873 1308 932 sacculo

159 968 235 1026 XIV
250 968 399 1027 Veronam
414 969 551 1027 reductus
574 979 626 1027 est.
668 969 779 1028 Versus
799 970 823 1028 si
844 989 912 1028 uere
932 969 1038 1028 Catulli
1057 980 1110 1040 est,
1130 979 1180 1028 aut
1203 970 1309 1028 excidit

158 1085 238 1125 unus
259 1067 334 1124 inter
354 1065 419 1145 (58)
438 1075 467 1124 et
482 1063 547 1144 (66)
564 1076 613 1124 aut
636 1066 757 1143 stropha
781 1087 808 1142 9,
830 1067 1028 1144 antistrophos
1052 1071 1069 1125 8
1093 1077 1137 1126 est
1161 1084 1306 1125 uersuum.

159 1163 234 1222 Esse
263 1174 361 1222 autem
390 1163 496 1222 Catulli
520 1164 588 1223 ideo
620 1164 757 1223 credibile
785 1176 838 1236 est,
860 1166 941 1241 quod
967 1165 1085 1224 saeculo
1113 1165 1142 1221 X
1170 1164 1309 1240 perpauci

159 1275 242 1320 erant
257 1262 308 1337 qui
322 1281 390 1320 eum
404 1262 627 1337 interpolarent;
651 1263 756 1321 deinde
778 1263 968 1339 simplicitatis
990 1263 1089 1321 nescio
1104 1262 1174 1338 quid
1189 1262 1308 1320 habeta

160 1359 278 1420 Catullo
291 1378 353 1418 non
368 1361 496 1433 alienae;
514 1369 664 1436 postremo
679 1361 781 1419 melius
796 1361 838 1419 sic
852 1360 1050 1420 conformatur
1061 1361 1154 1419 oratio
1169 1361 1308 1419 iuuenum

163 1475 271 1532 11-19,
288 1458 364 1516 cadit
381 1457 459 1515 enim
476 1458 506 1515 in
523 1457 596 1516 duas
614 1468 711 1534 partes
725 1467 933 1534 quaternorum
952 1477 1099 1528 uersuum,
1115 1459 1220 1534 quibus
1239 1459 1307 1516 sub'·

160 1556 285 1613 nectitur
298 1555 432 1627 ἰφὺμνινν·
453 1565 574 1631 utraque
589 1566 687 1614 autem
701 1574 768 1632 pars
783 1574 835 1632 per
850 1573 881 1614 se
896 1556 982 1631 plena
996 1574 1030 1614 ac
1045 1555 1172 1631 perlecta
1187 1565 1238 1613 est.

202 1651 245 1709 Hi
255 1652 341 1727 igitur
351 1671 460 1711 nouem
471 1670 573 1711 uersus
584 1653 689 1727 quibus
700 1653 877 1728 respondere
889 1649 1040 1730 (59)-(66)
1053 1652 1111 1708 iarn
1123 1661 1308 1727 perspexerat

160 1749 301 1822 Naekius,
313 1768 453 1826 pacemne
467 1749 577 1809 habent
591 1750 631 1808 ibi
645 1768 800 1808 numerum
811 1769 849 1808 an
859 1769 920 1809 uno
931 1768 1018 1808 uersu
1031 1750 1175 1807 minorem
1189 1747 1307 1824 stropha

159 1849 384 1927 antistrophon?
406 1849 437 1907 Si
448 1867 508 1907 uno
519 1850 671 1919 minorem,
682 1849 749 1906 lecit
760 1847 891 1907 Catullus
902 1848 982 1924 quod
996 1848 1111 1923 saepius
1123 1846 1307 1917 Theocritus,

158 1958 191 2006 ut
213 1949 244 2006 in
264 1947 329 2006 Eid.
345 1947 390 2005 IV
404 1945 554 2022 Corydoni
579 1957 608 2004 et
627 1945 714 2004 Batto
739 1963 823 2021 pares
848 1963 964 2021 semper
985 1946 1148 2003 tribuuntur
1170 1943 1307 2020 strophae

159 2047 216 2104 nisi
245 2045 324 2121 quod
353 2044 443 2103 semel
470 2042 610 2118 Corydon
642 2061 750 2102 nouem
779 2040 915 2120 (ep-37),
944 2043 1045 2101 Battus
1074 2042 1177 2100 decem
1206 2060 1307 2102 uersus

158 2143 261 2200 recitat
283 2139 417 2220 (44-53).
469 2140 580 2198 Rursus
605 2141 635 2197 In
663 2139 728 2199 Eid.
743 2139 819 2198 VIII
845 2140 998 2199 Menalcae
1026 2149 1094 2199 octo
1123 2139 1307 2198 hexametros

160 2238 278 2296 canenti
294 2235 420 2316 (⁶3·7¹)
437 2236 570 2313 Daphnis
588 2255 697 2295 nouem
716 2238 820 2312 regerit
835 2234 971 2314 (γι-86).
1016 2236 1074 2295 Sed
1090 2246 1117 2295 et
1131 2238 1307 2295 exactiorem

158 2343 338 2392 concentum
362 2343 441 2392 amat
462 2332 592 2391 Catullus
613 2343 642 2390 et
662 2332 754 2392 unum
779 2351 896 2392 uersum
919 2333 1060 2392 excidisse
1085 2333 1179 2390 forma
1200 2332 1307 2391 indicat

158 2431 318 2507 archetypi.
361 2430 452 2490 Hunc
466 2441 534 2507 post
549 2429 614 2510 (59)
630 2431 839 2502 Rossbachius,
854 2441 922 2507 post
937 2430 1001 2511 (65)
1017 2430 1164 2507 Hauptius
1178 2440 1207 2488 et
1220 2429 1307 2488 Pleit-

159 2547 249 2587 nerus
263 2539 432 2604 posuerunt,
447 2546 504 2605 ego
518 2540 586 2605 post
602 2525 676 2606 (62).
714 2526 789 2586 Illud
803 2529 882 2586 enirn
895 2528 943 2588 hic
957 2529 1044 2588 uideo
1059 2527 1206 2587 Catullum
1220 2527 1307 2586 affec-

159 2635 238 2684 tasse
258 2635 290 2682 ut
304 2645 341 2684 ex
359 2626 511 2684 uocabuhs
528 2643 604 2701 quae
623 2627 654 2683 in
673 2643 852 2700 unoquoque
874 2644 960 2685 uersu
981 2637 1055 2699 sunt,
1077 2643 1168 2685 unum
1189 2626 1307 2703 aliquod

159 2725 191 2782 in
212 2725 347 2799 proximo
366 2733 516 2799 repeteret.
560 2723 608 2782 Sic
618 2733 720 2799 pugna
733 2733 867 2800 pugnare
889 2725 950 2798 (59,
966 2727 1028 2799 60),
1042 2731 1126 2799 paler
1142 2731 1223 2800 paler
1245 2727 1306 2796 (60,

160 2823 225 2894 61),
241 2827 325 2896 porte
338 2831 414 2895 pars
433 2819 494 2899 (62,
510 2818 571 2897 63),
585 2821 668 2879 tertio
687 2824 769 2878 tertia
790 2821 850 2899 (63,
867 2819 927 2898 64).
970 2821 1007 2880 Et
1027 2823 1085 2882 hoc
1106 2825 1136 2882 In
1155 2820 1306 2902 (⁶²)'(⁶5)

159 2918 228 2977 fecit
242 2927 293 2989 ter,
308 2936 370 2977 non
390 2919 459 2977 fecit
479 2919 510 2976 ln
525 2929 628 2994 quarto
637 2937 645 2990 ;
666 2919 746 2978 unde
763 2919 890 2994 priorem
908 2922 1047 2993 περικοπὴν
1062 2931 1186 2996 quatuor
1206 2939 1308 2979 uersus

160 3015 418 3092 comprehendisse
433 3017 488 3075 sub
502 3017 604 3075 iisdem
617 3017 731 3092 legibus
747 3016 881 3074 credibile
896 3027 947 3075 cst.

202 3113 357 3172 Habemus
372 3115 457 3190 igitur
472 3129 510 3188 55
527 3134 544 3189 9
682 3135 699 3190 9
723 3159 730 3172 .
752 3114 822 3191 Ipsa
836 3117 1013 3175 concertatio
1028 3135 1046 3175 a
1059 3116 1179 3192 stropha
1192 3125 1220 3174 et
1234 3117 1307 3174 anti-

160 3209 284 3285 stropho
302 3211 404 3285 incipit
422 3227 560 3268 uersuum
577 3227 716 3269 senorum
730 3211 777 3269 uel
794 3212 891 3286 potius
907 3222 993 3286 541.
1038 3211 1180 3271 Secuntur
1194 3222 1307 3287 septem

160 3308 258 3365 manci
271 3304 414 3385 (ga-38);
436 3318 498 3366 mm
512 3307 631 3384 stropha
644 3319 674 3366 et
688 3308 884 3384 antistrophos
899 3308 1049 3379 denorum,
1065 3310 1142 3385 prior
1154 3307 1306 3387 (39)·(48)

159 3423 178 3464 a
196 3405 360 3481 uirginibus
379 3415 494 3464 cantata
513 3424 580 3464 cum
600 3407 716 3482 ἰφυμνίῳ
735 3407 845 3481 Hymen
860 3406 885 3465 0
898 3407 1060 3482 Hymenaee,
1076 3407 1183 3481 Hymen
1201 3406 1265 3462 adar
1283 3405 1307 3464 O

159 3502 323 3578 Hymenaee,
336 3500 488 3580 (49)-(58)
500 3503 589 3561 altera
600 3521 618 3560 a
631 3504 851 3563 iuuenibuased
866 3506 927 3563 siue
941 3503 1065 3580 ι’φνμνίῳ.
1109 3502 1308 3580 Reprehendit

159 3601 217 3662 hoc
234 3601 416 3678 Spengclius,
431 3581 599 3679 addiditque
614 3603 739 3674 ἐφύμνιον
752 3604 891 3662 iuuenum
906 3603 1042 3680 strophae
1057 3612 1124 3678 post
1140 3599 1213 3681 (58).
1248 3601 1306 3661 Sed

160 3717 228 3758 cum
247 3699 326 3774 prlor
344 3698 464 3775 stropha
481 3717 517 3757 ro
531 3718 678 3770 uersuum,
693 3701 890 3776 antistrophos
907 3700 1044 3763 undecim
1059 3702 1117 3758 iam
1131 3700 1207 3758 iacta
1222 3711 1307 3770 esset,

159 3813 278 3856 uersum
293 3796 431 3874 strophae
446 3797 526 3855 addit
538 3807 606 3873 post
621 3795 686 3876 (39)
700 3808 812 3856 mutato
826 3799 923 3874 utjlos
937 3799 967 3856 in
981 3799 1074 3874 ulfias
1088 3799 1159 3872 quie
1181 3797 1307 3856 eundem

160 3905 228 3970 post
240 3891 306 3973 (4ο)
319 3893 508 3953 Hermannus
523 3905 552 3954 et
562 3895 717 3971 Hauptius,
732 3907 800 3971 post
815 3893 880 3974 (41)
897 3895 1094 3954 Froehlichius
1110 3895 1308 3954 Rossbachius

160 3990 334 4050 Leutschius
361 3990 522 4050 Pleitnerus
553 3993 744 4051 inseruerunt.
801 3993 865 4052 Nec
893 3994 1025 4069 negarim
1055 3993 1112 4052 hoc
1144 3994 1309 4052 confirmari

159 4089 351 4165 antistroph0,
375 4091 456 4149 cuius
475 4091 561 4148 Hanc
584 4091 661 4148 melli
679 4091 824 4167 agrr‘coloe
846 4093 921 4149 nulli
938 4093 1043 4149 coluere
1062 4093 1174 4149 iuuenci
1191 4093 1308 4168 quintus

160 4187 205 4258 sit,
221 4187 340 4262 qulntus
354 4198 451 4246 autem
466 4188 603 4264 strophae
618 4206 696 4247 nunc
711 4188 761 4248 fiat
774 4189 867 4246 Multi
877 4189 955 4247 illam
964 4191 1056 4265 pueri,
1070 4191 1170 4248 multae
1183 4198 1309 4266 operuere

153 4285 286 4358 puellae,·
319 4285 398 4360 quod
422 4284 500 4343 idem
525 4285 603 4345 cadit
624 4287 654 4344 iu
676 4285 769 4344 Mula·
794 4287 871 4344 illam
899 4289 1044 4363 agrr'colae,
1067 4290 1151 4347 mulli
1172 4289 1309 4347 accoluere

160 4384 271 4440 iuuenci
292 4382 338 4441 cui
360 4383 536 4458 respondeat
559 4384 589 4441 in
614 4383 734 4460 stropha
753 4382 845 4442 Nulli
865 4386 944 4443 illum
961 4389 1052 4461 pueri,
1071 4387 1164 4445 nullae
1184 4395 1307 4462 optauere

156 4481 269 4554 puellae.
315 4479 373 4539 Sed
388 4491 487 4539 tamen
500 4499 603 4540 uereor
618 4499 654 4540 ne
670 4491 777 4540 temere
792 4480 848 4540 hoc
863 4483 1035 4543 admittatur.
1075 4484 1153 4543 Nam
1168 4485 1306 4542 iuuenum
