3074 5066
237 405 296 462 228
640 402 696 462 DE
720 401 982 465 PARTITIONE

236 589 288 640 τὸν
300 585 448 660 αὐλῳδικῶν
465 587 662 656 κατεστάθησαν
677 587 719 642 ίπί
736 587 910 659 Τερπάνδρου·
931 587 1026 643 ίκεῖνοτ
1043 589 1109 659 γοῦν
1126 586 1187 642 τοὺς
1205 585 1389 661 κιθαρῳδικοὺς

235 687 361 756 πρότερον
378 683 498 754 ὦνάμοσε
515 686 637 738 umbrida
656 707 713 739 τινα
733 685 774 739 καί
788 686 901 754 attam,
915 686 1043 755 Τροχαῖόν
1059 707 1087 738 τε
1109 685 1149 738 καί
1161 683 1249 754 Ὀξὺν,
1266 688 1388 752 Κατιόντι

235 803 264 836 τε
284 784 326 836 καί
339 782 512 854 Τερπάνδριον
531 785 624 846 καλῶν,
644 783 714 837 άλλά
734 783 785 852 μὴν
806 783 848 838 καί
867 783 1035 854 τετρσοίδιον.
1064 783 1199 851 πεποίηται
1221 783 1250 837 δί
1272 787 1309 856 τᾷ
1323 791 1387 852 Τερ-

234 879 340 954 πάνδρῳ
360 882 402 934 καὶ
420 881 543 951 προοίμια
563 881 716 956 κιθαρῳδικὰ
736 881 763 936 ίν
782 881 881 937 ίπεσιν.
919 879 979 934 'Ort
1000 881 1029 934 δε
1050 884 1075 934 ol
1092 881 1254 951 κιθαρυδικοί
1274 884 1348 950 νόμον
1361 884 1386 935 οί

234 977 316 1031 σάλοι
337 979 368 1047 ίξ
387 978 455 1032 ε’πῶν
469 980 635 1042 συνίσταντο,
650 978 774 1046 Τιμόθεον
794 978 921 1048 ε’δὴλυσε·
941 978 1003 1034 τοὺς
1021 981 1086 1050 γοῦν
1104 980 1224 1050 πρώτους
1245 981 1340 1048 νόμους
1358 979 1387 1032 ίν

234 1079 310 1132 ἔπεσι
328 1073 484 1148 hropi-flcio!
503 1076 688 1148 διθυραμβικὴν
708 1074 781 1147 λάξιν
800 1072 869 1145 ᾖδεν,
893 1076 962 1132 ὅπως
981 1077 1016 1145 μὴ
1041 1077 1117 1132 εὐθὺς
1138 1075 1208 1144 φάνῃ
1231 1081 1386 1146 παραναμόν

235 1175 272 1230 εἷς
295 1175 343 1243 τὴν
364 1174 476 1246 ἀρχαίαν
502 1173 636 1243 μουσικήν.
688 1171 767 1232 Hinc
796 1173 936 1231 docemur
964 1171 1170 1248 Terpandrum
1192 1191 1229 1229 ex
1252 1173 1385 1230 uersibus

236 1271 325 1346 epicis
343 1271 405 1328 siue
420 1271 480 1328 suis
494 1271 556 1328 siue
572 1270 695 1328 Homeri
710 1289 818 1329 nomos
833 1270 945 1340 secisse,
961 1271 1082 1346 singulm
1096 1271 1192 1328 nomis
1207 1289 1294 1328 suum
1308 1275 1387 1340 μελοε

236 1385 322 1426 suum
343 1385 451 1426 nomen
474 1365 636 1439 addidisse;
663 1369 765 1428 fecisse
787 1371 873 1427 etiam
896 1371 1049 1448 prooemia
1069 1387 1143 1444 quae
1163 1379 1191 1426 ct
1212 1370 1278 1444 ipsa
1299 1368 1385 1426 hexa-

236 1467 334 1523 metris
354 1467 460 1540 scripta
474 1477 549 1524 sunt
594 1466 652 1524 Hic
667 1485 773 1526 nomos
788 1487 855 1525 cum
874 1468 983 1526 cithara
997 1468 1165 1525 coniunxit:
1188 1465 1300 1525 Clonas
1318 1485 1385 1524 cum

236 1565 314 1621 tibia
356 1563 436 1638 Ergo
458 1564 482 1622 si
503 1563 678 1622 hexametris
699 1566 743 1623 usi
765 1577 831 1624 sunt
853 1567 882 1625 in
904 1567 1001 1624 nomis
1020 1565 1050 1623 hi
1070 1565 1119 1642 qui
1141 1583 1193 1623 eos
1210 1566 1297 1640 primi
1312 1566 1386 1622 intu-

236 1662 337 1731 lerunt,
353 1663 435 1738 Isque
449 1680 515 1720 mos
530 1672 640 1720 tantum
656 1664 769 1722 ualebat
784 1675 815 1722 ut
829 1663 1046 1740 dithyrambicis
1060 1664 1186 1722 numeris
1201 1662 1387 1720 hexametros

237 1761 411 1818 immisceret
427 1762 516 1818 serior
531 1778 686 1819 nomomm
697 1764 819 1838 scriptor
828 1761 1011 1832 Timotheus,
1023 1762 1163 1820 habemus
1178 1779 1270 1818 unum
1285 1761 1387 1818 saltem

237 1876 331 1932 genus
353 1860 513 1916 carminum
528 1860 607 1935 quod
628 1861 768 1933 ίσόμεερον
782 1873 866 1930 esset,
882 1861 1018 1936 idemque
1038 1861 1068 1917 in
1083 1870 1178 1936 partes
1193 1859 1385 1916 distributum.

237 1957 305 2014 Hae
326 1975 401 2033 quae
422 1956 526 2015 suerint
548 1957 688 2016 docemur
708 1977 744 2016 ex
763 1959 829 2018 Iulii
844 1959 969 2017 Pollucis
984 1957 1175 2018 Onomastico
1192 1957 1245 2015 IV.
1263 1959 1302 2012 66
1324 1961 1388 2028 μέρη

236 2057 265 2110 δι’
286 2060 333 2110 τοῦ
355 2057 522 2130 κιθαρῳδικοῦ
545 2057 624 2124 νόμου
646 2059 811 2128 Τερπάνδρου
835 2059 1030 2126 κατανείμαντος
1050 2060 1152 2129 ἕπαρχσ
1173 2058 1292 2128 με’παρχσ
1312 2055 1388 2109 κατά-

236 2174 319 2222 τροπα
339 2153 548 2224 μετακατάτροπα
569 2152 690 2226 ὀμφαλὸν
711 2157 826 2226 σφραγίς
847 2152 979 2227 ἐπίλογος.
1017 2151 1105 2231 (Vide
1127 2151 1259 2228 Westph.
1282 2151 1386 2210 Catull.

237 2267 286 2324 pp.
304 2245 416 2326 73-78)
440 2248 504 2306 Has
526 2259 622 2326 partes
638 2268 699 2308 non
716 2251 753 2308 ab
774 2252 855 2310 initio
877 2269 982 2310 omnes
996 2251 1139 2309 exstitisse
1154 2269 1189 2308 ex
1205 2252 1276 2326 ipsis
1291 2251 1387 2308 nomi-

237 2346 323 2402 nibus
338 2346 526 2404 concluditur.
570 2345 699 2404 Fuerunt
714 2347 808 2421 primo
823 2347 928 2416 Archa,
944 2347 1115 2422 Omphalos,
1132 2346 1289 2422 SphragIs;
1316 2363 1386 2403 mox

237 2443 351 2500 Archae
367 2445 496 2501 subiecta
510 2443 677 2520 Catatropa‚
693 2445 847 2521 Sphragidi
861 2445 1020 2520 Epilogus;
1043 2446 1111 2502 dela
1131 2445 1253 2503 alterum
1274 2445 1388 2504 initIum

237 2543 407 2600 factumest
429 2543 518 2600 altera
538 2543 704 2619 Catatropa.
748 2543 806 2602 Sed
828 2545 998 2602 Aristoteles
1019 2543 1164 2602 Problem.
1186 2547 1246 2602 xix.
1261 2561 1295 2618 15
1319 2545 1389 2603 dicit

237 2658 344 2698 nomos
363 2659 380 2698 a
399 2642 501 2700 cetcrIs
522 2638 599 2718 ᾠδαῖς
619 2647 735 2716 χορικοῖς
756 2642 813 2700 hoc
837 2643 942 2700 dIstare
964 2641 1042 2718 quod
1065 2643 1177 2699 nonin
1200 2642 1389 2718 antistropbis

237 2739 354 2810 fierent;
386 2738 468 2796 cuius
490 2757 607 2796 causam
633 2757 698 2798 esse
721 2742 801 2816 quod
826 2741 864 2798 ab
888 2739 1077 2798 histrionibus
1102 2759 1170 2798 cum
1194 2741 1327 2815 gestibus
1351 2759 1387 2800 ac

237 2847 320 2894 motu
341 2847 501 2911 agerentur,
516 2837 594 2894 unde
612 2838 841 2913 perplexioribus
863 2847 960 2896 essent
979 2839 1076 2896 uerbis
1096 2857 1129 2895 ac
1149 2840 1294 2908 numeris;
1317 2858 1389 2896 nam

236 2933 434 3010 dithyrambos
455 2952 574 3010 quoque
593 2945 750 3010 postquam
771 2954 838 2993 cum
859 2945 945 3010 gestu
966 2936 1030 2994 cani
1053 2937 1226 3011 coepissent,
1241 2954 1304 2994 non
1326 2937 1387 2993 iam

236 3034 343 3091 habere
365 3033 569 3108 antistrophOS,
592 3035 738 3108 simplices
766 3035 845 3090 enirn
870 3035 1068 3110 antistrophos
1093 3053 1164 3092 esse.
1217 3033 1390 3108 Distingue-

237 3133 342 3188 bantur
363 3133 448 3206 igitur
463 3131 552 3188 Nomi
574 3132 603 3188 in
625 3143 721 3208 partes
743 3151 818 3202 suas,
838 3132 964 3208 strophis
984 3143 1012 3190 et
1033 3131 1220 3208 antistrophis
1242 3135 1392 3190 carebant.

237 3229 324 3286 Vnde
351 3248 411 3286 non
440 3248 556 3306 semper
584 3231 686 3287 abesse
715 3229 819 3288 diuisio
847 3231 989 3304 colligitur
1014 3249 1031 3287 a
1056 3230 1232 3287 carminibus
1258 3247 1333 3305 quae
1358 3229 1391 3286 in

238 3328 373 3403 strophas
388 3329 519 3386 reuocari
534 3337 681 3402 nequeant
694 3327 881 3403 antistrophis
897 3328 1116 3403 respondentes
1163 3327 1233 3385 Hoc
1248 3339 1393 3402 quantum

238 3428 350 3484 Intersit
364 3427 529 3483 uidebimus
544 3426 573 3482 in
584 3423 733 3482 Theocriti
745 3424 884 3500 Eidylliis,
895 3424 1065 3483 Callimachi
1076 3425 1203 3500 Hymnis
1215 3425 1394 3500 Elegiisque.

241 3523 299 3581 Sed
321 3524 399 3580 idem
421 3523 457 3580 de
483 3522 691 3597 antiquioribus
719 3524 902 3595 ἐλεγειοποίυις
924 3523 1029 3580 diserte
1050 3522 1135 3580 tradit
1157 3521 1326 3580 Plutarchus
1352 3523 1394 3579 de

240 3620 444 3679 MusicaVIII.
476 3623 524 3676 Καὶ
537 3622 619 3678 άλλος
629 3621 658 3675 δέ
668 3621 741 3674 ε’στιν
753 3621 861 3692 ἀρχαῖος
875 3624 952 3690 νόμον
965 3618 1122 3690 καλούμενος
1137 3621 1248 3692 Κραδίας
1261 3621 1290 3675 άν
1303 3623 1391 3691 φησιν

236 3721 367 3791 Ἱππῶναξ
382 3721 530 3790 Μίμνερμον
546 3719 667 3786 αὐλῆσαι.
709 3718 755 3772 Ἐν
775 3719 841 3790 άρχῇ
863 3719 914 3793 γάρ
935 3720 1037 3791 ἐλεγεῖα
1057 3721 1279 3789 μεμελοποιημένα
1299 3720 1324 3772 ol
1344 3719 1393 3772 οὗ·

237 3820 319 3892 aptot
334 3815 406 3886 ᾖδον.
448 3821 542 3890 Γέγονε
563 3818 592 3872 δί
614 3818 654 3871 καλ
667 3817 779 3873 Σακάδας
792 3818 909 3890 Ἀργεῖον
925 3817 1033 3886 ποιητὴν
1051 3819 1139 3885 μελῶν
1158 3838 1186 3871 τε
1207 3817 1248 3869 καί
1268 3815 1395 3887 ἐλεγείων

236 3917 486 3984 μεμελοποιημένων.
544 3913 634 3984 Quod
657 3915 681 3972 Si
700 3913 800 3989 elegos
823 3915 853 3971 in
877 3915 973 3972 nomis
996 3920 1171 3989 usurparunt
1195 3912 1394 3970 Mimnermus

240 4011 368 4069 Sacadas
390 4013 481 4088 etqui
502 4029 554 4070 eos
575 4011 675 4069 imitati
691 4023 766 4082 sunt,
782 4012 838 4070 hoc
853 4021 896 4068 cst
912 4013 941 4068 in
956 4029 993 4068 co
1008 4029 1115 4085 genere
1131 4010 1293 4068 carminum
1309 4009 1393 4084 quod

238 4110 393 4184 partitione
416 4111 534 4185 quidem
560 4111 730 4167 obstrictum
755 4120 840 4180 essct,
866 4109 917 4166 scd
942 4109 1038 4166 mInus
1067 4109 1169 4165 ceteris
1192 4117 1269 4165 certa
1294 4107 1391 4164 finita-

238 4225 304 4280 que,
321 4215 454 4281 potcrant
476 4208 562 4265 ctiam
584 4208 651 4265 alibi
673 4207 772 4283 elegos
795 4207 931 4265 adhibere
948 4207 1069 4264 certiore
1084 4206 1188 4264 ordine
1207 4223 1240 4262 ac
1260 4205 1334 4262 serie
1357 4223 1391 4262 se

239 4321 269 4360 sc
289 4303 414 4360 inuicem
433 4316 655 4380 consequentes,
698 4305 760 4363 Iam
779 4306 893 4362 iambos
915 4305 1005 4362 modo
1027 4305 1155 4374 recitare,
1171 4304 1261 4362 modo
1283 4322 1392 4361 canere

238 4413 338 4460 auctor
359 4411 418 4458 erat
441 4403 632 4462 Archilochus
653 4402 713 4478 (De
736 4403 814 4461 hius.
832 4401 989 4478 XXVIII).
1043 4403 1133 4474 Quod
1155 4402 1224 4478 quid
1246 4413 1289 4460 est
1312 4403 1391 4461 aliud

236 4519 325 4576 quam
350 4499 377 4556 ln
402 4498 531 4556 <internas
559 4510 654 4575 partes
684 4502 852 4559 distribuere
876 4503 1013 4558 camien?
