3118 5054
598 405 954 468 PROLEGOMENA.

204 580 327 663 (saxeo),
342 585 452 663 plutuat
470 586 628 666 (fluctuat),
662 602 699 664 73
708 589 855 667 seroane
873 591 903 649 in
921 597 1036 666 ternpore
1051 588 1159 670 (ferox
1177 609 1229 667 922
1247 609 1286 650 ex
1304 588 1347 670 t.),

207 685 391 761 roofielgure
404 684 562 767 (fulgore),
589 688 644 745 226
659 687 746 762 phesu'
757 684 883 766 (plura),
913 701 968 761 225
982 689 1154 748 clarissimas
1175 689 1203 748 h.
1215 707 1241 748 e.
1260 691 1348 748 clari·

202 799 289 839 sunns
300 779 487 862 (clarisonas),
505 797 562 860 159
574 777 823 861 Smaque'orrebas
835 784 921 864 (Sena
935 788 1008 862 quod
1018 785 1170 866 horrebas),
1188 791 1223 846 18
1227 807 1244 864 3
1255 795 1349 848 unctos

203 877 328 958 (uentos),
356 898 412 953 224
434 885 464 940 in
485 889 545 941 uoto
563 881 605 961 (in
626 881 718 961 uicto),
746 886 803 942 226
825 884 944 944 rndibrus
966 883 1008 964 (in
1030 883 1145 963 dccbe'm),
1176 899 1231 959 227
1257 887 1347 962 luget,

206 992 261 1053 237
277 998 345 1037 aera
359 990 495 1056 prospera
515 983 616 1052 sistent,
650 985 707 1055 248
729 985 759 1042 e'n
779 1001 894 1042 memore
915 980 1095 1062 (immemori),
1125 1001 1183 1058 249
1201 985 1347 1042 credentem

203 1076 364 1156 (cedentem),
388 1093 443 1153 252
461 1079 555 1139 Varus
573 1078 726 1159 (Iacchus),
754 1100 812 1157 293
835 1080 1178 1162 Vestibuli(Vestibulnm),
1202 1101 1256 1157 322
1274 1081 1347 1142 Pal-

202 1175 268 1234 lada
284 1173 402 1255 (Pelea),
425 1179 482 1252 368
502 1180 593 1237 omm‘a
611 1175 747 1258 (coptam),
771 1181 830 1256 382
847 1199 925 1239 cares
945 1181 1031 1238 mittes
1047 1177 1139 1258 (caros
1157 1177 1264 1258 mittet),
1287 1199 1345 1256 394

202 1275 328 1354 laetesero
349 1273 488 1357 (letp'ero),
523 1278 614 1338 LXV.
635 1280 653 1337 8
678 1282 779 1338 2221212
800 1276 937 1357 (nostres),
972 1298 1007 1355 19
1021 1280 1172 1357 surh'rcum
1194 1277 1347 1357 (furtiuo),

202 1371 311 1433 LXVI.
336 1393 374 1449 39
396 1377 473 1434 cossi
490 1374 592 1454 (22222),
629 1395 668 1448 42
691 1376 815 1435 adnuntio
839 1375 975 1456 (odeuro),
1016 1391 1053 1453 47
1079 1377 1193 1436 credam
1215 1375 1345 1457 (cedant),

204 1473 242 1547 78
257 1474 321 1530 2121
332 1470 423 1552 (222),
447 1473 586 1534 LXVIII.
602 1471 667 1555 (58)
676 1477 796 1550 pross'lta
812 1495 826 1534 e
841 1476 929 1551 lapsde
943 1474 1072 1556 (prosilit
1083 1497 1097 1535 2
1109 1473 1218 1554 lapide),
1244 1472 1308 1555 (84)
1323 1481 1350 1534 21

202 1569 312 1645 obrupto
333 1570 378 1651 (ut
395 1571 532 1651 abrupto),
561 1571 624 1652 (90)
639 1574 713 1650 finis
732 1571 835 1653 (nno),
863 1571 948 1653 (222)
962 1571 1081 1632 Detinet
1099 1574 1230 1648 (detenet),
1259 1571 1345 1651 (222)

202 1667 286 1727 Aldit
299 1667 423 1745 (Audet),
438 1669 546 1730 LXXI.
558 1691 577 1743 4
591 1669 712 1749 Morfice
722 1668 883 1751 (Mirefice),
899 1671 1023 1730 LXXII.
1037 1690 1048 1728 1
1063 1671 1180 1730 Dicabis
1190 1668 1345 1751 (Dicebas),

202 1764 339 1826 LXXVI.
357 1786 372 1825 2
393 1768 531 1826 honerosum
547 1767 686 1850 (homme),
711 1789 744 1828 22
760 1773 848 1829 1222112
860 1771 968 1828 descnas
983 1768 1091 1849 (rnur'tis
1103 1768 1225 1848 desc'ru's),
1249 1788 1284 1828 22
1300 1770 1344 1827 de-

201 1867 277 1925 litias
293 1863 447 1946 (laeticias),
476 1867 644 1928 LXXXIII.
662 1868 792 1927 61222112
808 1868 928 1943 (Irata),
956 1867 1123 1927 LXXXIV.
1139 1881 1155 1943 7
1175 1866 1347 1944 requieBant

202 1962 409 2044 (requieRant),
435 1964 554 2026 XCV.1
575 1965 644 2027 Cine
657 1965 801 2046 (Cinnae),
826 1966 951 2027 XCVII.
967 1981 984 2042 5
1004 1965 1083 2026 Nam
1099 1970 1157 2025 sine
1170 1966 1293 2026 dontibus
1306 1973 1347 2024 221

202 2064 266 2123 hic:
286 2064 372 2123 dentis
390 2065 438 2124 hos
456 2066 679 2141 sexquipedalem·
701 2079 729 2141 7,
744 2069 762 2124 8
779 2066 900 2143 defessus
919 2076 948 2126 et
965 2063 1236 2144 monumnenta
1253 2063 1344 2123 Data·

202 2161 270 2241 nus)
282 2164 458 2240 transposita
466 2183 474 2236 ;
496 2162 621 2223 XCVII.
636 2183 672 2222 10
682 2167 790 2240 petrino
804 2165 948 2242 (phtrrno,
962 2164 990 2224 h.
1002 2183 1027 2224 e.
1042 2163 1183 2241 petrino),
1199 2162 1233 2223 C.
1249 2181 1261 2220 1
1278 2160 1344 2221 Me·

201 2260 258 2318 lius
285 2260 431 2338 Auseh'um
458 2267 484 2318 et
508 2259 638 2332 Quintius
661 2260 810 2338 Aujlmam
830 2259 955 2340 (0221222
979 2262 1143 2340 Aseselinum
1166 2269 1192 2320 et
1214 2258 1345 2333 02221212

201 2356 387 2435 Aufeliuam),
413 2356 463 2418 CI.
479 2377 497 2434 9
511 2359 599 2417 multa
612 2378 671 2417 mea
684 2379 800 2418 munero
815 2358 940 2438 (22221122
955 2357 1119 2439 2222222122).

244 2475 271 2531 3.
301 2455 375 2515 Sunt
398 2457 484 2516 etiam
513 2457 543 2515 in
567 2456 685 2517 Datnno
709 2457 765 2516 hae
789 2457 931 2518 lectiones
955 2477 1031 2535 quae
1054 2470 1104 2518 aut
1127 2458 1157 2516 in
1181 2457 1261 2517 nullo
1285 2457 1343 2518 alio

201 2555 303 2614 codice
331 2565 380 2614 aut
406 2555 436 2612 in
463 2555 564 2632 paucis
591 2557 777 2632 reperiuntur.
819 2556 872 2615 VI.
893 2559 911 2614 8
936 2554 1077 2632 Sertbque
1097 2552 1221 2636 (Sertis),
1251 2555 1342 2615 IX.6

209 2649 351 2727 Ve'samquc
364 2648 522 2731 (Visamtc),
537 2652 574 2711 X.
590 2671 627 2728 32
636 2661 770 2730 paratum
785 2653 798 2732 (
798 2652 956 2732 pararem),
978 2654 1046 2713 XII.
1061 2673 1096 2731 19
1115 2653 1247 2714 11222212
1262 2652 1343 2733 (Sae-

200 2747 287 2829 taba),
313 2750 408 2809 XXX.
424 2769 441 2822 4
457 2752 578 2827 einproba
593 2749 709 2830 (empta),
732 2752 826 2813 XLII.
843 2755 860 2812 6
874 2753 1083 2829 Proseqnamur
1100 2754 1342 2829 (Persequamnr),

202 2849 309 2908 LXIV.
324 2851 378 2908 106
393 2859 503 2926 corpore
513 2847 640 2930 (cortice),
662 2865 716 2927 107
732 2851 898 2912 Indomitum
910 2850 1098 2933 (Indomitus),
1118 2871 1173 2928 223
1188 2852 1343 2912 descendens

202 2938 367 3028 (discedens),
393 2951 448 3009 226
463 2951 596 3009 ostendere
609 2952 813 3033 (corucendere),
840 2955 896 3027 263
910 2951 1115 3029 purpureaque
1129 2995 1136 3010 .
1152 2958 1343 3027 ,prosternens

202 3045 400 3125 (Purpureauc
414 3095 420 3108 .
436 3094 443 3108 .
458 3048 649 3128 consternens)
677 3053 729 3124 287
746 3052 889 3109 ostendunt
899 3049 1066 3130 (ostendant),
1095 3053 1151 3112 188
1165 3051 1345 3125 languescunt

201 3143 405 3226 (languesccnl),
423 3162 480 3224 279
491 3149 596 3206 celesh'a
608 3146 783 3228 (siluestria),
804 3153 862 3224 328
873 3150 1027 3208 rubicunda
1039 3147 1131 3226 (tuos),
1152 3166 1210 3222 324
1221 3147 1345 3206 librabat

200 3248 300 3303 uertice
313 3243 456 3324 (uersabat
466 3245 596 3325 turbine),
619 3249 762 3323 32512212
777 3246 881 3327 (loeta),
901 3266 959 3323 343
973 3247 1099 3326 torserat
1112 3245 1262 3326 (conderet),
1282 3259 1342 3321 350

201 3345 358 3403 innuerem
374 3343 417 3425 (in
429 3344 553 3425 crurum),
570 3348 627 3422 369
637 3358 807 3423 procurrens
821 3343 1024 3425 (sucaemhcns),
1041 3349 1099 3422 389
1108 3349 1256 3422 prospexit
1267 3343 1342 3425 (con-

200 3439 314 3520 spexit),
341 3461 396 3519 391
419 3443 576 3504 bacchantes
590 3443 729 3525 (cuante's),
753 3445 844 3506 LXV.
862 3463 895 3503 22
912 3446 1023 3504 oblitum
1039 3442 1166 3523 (oblitae),
1195 3463 1232 3516 24
1245 3444 1342 3519 pudor

202 3539 324 3615 (rubor),
334 3539 337 3546 ⁴
347 3540 470 3601 LXVII.
486 3556 520 3618 27
532 3546 634 3618 possim
650 3541 797 3622 (possum),
815 3561 852 3618 29
867 3561 979 3602 narrem
993 3540 1134 3621 (narras),
1150 3541 1288 3601 LXVIII.
1302 3560 1339 3618 23

199 3637 299 3714 Aspim
313 3640 446 3716 (Accipe),
468 3642 505 3714 64
521 3641 636 3702 Lern‘ter
650 3640 788 3720 (Lenius),
812 3656 848 3715 72
864 3643 895 3700 in
907 3644 978 3700 solea
993 3641 1101 3722 (solea),
1118 3642 1344 3724 762222221222221

201 3736 409 3816 (pacificasset),
439 3758 494 3798 222
512 3741 572 3799 deos
586 3739 703 3818 (socos),
732 3739 890 3815 XCVII.3
912 3741 998 3799 nihilo
1018 3741 1176 3799 immundior
1194 3741 1242 3798 illo
1261 3737 1341 3817 (cett.

199 3835 329 3913 plerique
347 3837 473 3914 nobisque
491 3839 650 3898 immundius
669 3837 762 3919 illud),
791 3838 885 3899 CVII.
903 3858 918 3897 2
939 3837 1165 3919 222222’(222’222),
1194 3837 1306 3898 CVIII.
1322 3859 1341 3911 4

199 3940 309 4008 excepta
324 3932 453 4013 (exerta).

241 4031 326 4091 Haec
353 4035 453 4092 onmia
481 4036 505 4093 si
533 4053 601 4094 cum
628 4036 801 4095 lectionibus
830 4046 1035 4112 comparentur
1060 4035 1195 4095 codicum
1223 4033 1339 4094 alterius

198 4133 322 4207 generis,
346 4131 412 4192 dico
438 4131 731 4209 sangermanensem,
754 4133 982 4206 Bononiensem,
1006 4130 1245 4194 Ι22222221122222222ι
1267 4135 1339 4192 Am-

198 4230 377 4302 brosianum,
391 4231 567 4308 antiquitatis
587 4233 682 4293 minus
701 4233 732 4292 in
748 4233 793 4292 his
811 4251 978 4310 essequam
1000 4235 1030 4292 in
1047 4232 1166 4292 Datano
1186 4231 1338 4308 intelIgas.

200 4329 288 4406 Atqui
310 4328 570 4405 Sangennanensis
585 4329 640 4412 (G)
656 4333 779 4409 scriptus
800 4343 844 4392 est
863 4345 948 4407 2375,
970 4331 1103 4392 Datanus
1118 4329 1175 4410 (D)
1189 4349 1250 4390 non
1272 4340 1339 4388 ante

203 4430 287 4504 1463.
330 4429 366 4490 Id
381 4431 470 4492 tribus
485 4433 580 4493 modis
594 4433 654 4492 fieri
668 4433 770 4510 potuit.
812 4433 871 4493 Aut
891 4433 969 4493 enim
984 4429 1030 4512 (2)
1041 4433 1146 4494 errauit
1164 4432 1258 4493 scriba
1275 4432 1338 4492 libri

1531 2648 1537 2793 Ξ

1521 4094 1527 4129 Ι

1520 4152 1529 4235 1
