<?xml version="1.0" encoding="UTF-8"?>
<!DOCTYPE html PUBLIC "-//W3C//DTD XHTML 1.0 Transitional//EN"
    "http://www.w3.org/TR/xhtml1/DTD/xhtml1-transitional.dtd">
<html xmlns="http://www.w3.org/1999/xhtml" xml:lang="en" lang="en">
 <head>
  <title>
</title>
<meta http-equiv="Content-Type" content="text/html;charset=utf-8" />
  <meta name='ocr-system' content='tesseract 3.04.00' />
  <meta name='ocr-capabilities' content='ocr_page ocr_carea ocr_par ocr_line ocrx_word'/>
</head>
<body>
  <div class='ocr_page' id='page_1' title='image "./catulliliber00elligoog_0065.png"; bbox 0 0 3146 5046; ppageno 0'>
   <div class='ocr_carea' id='block_1_1' title="bbox 235 389 993 451">
    <p class='ocr_par' dir='ltr' id='par_1_1' title="bbox 235 389 993 451">
     <span class='ocr_line' id='line_1_1' title="bbox 235 389 993 451; baseline 0.003 -3"><span class='ocrx_word' id='word_1_1' title='bbox 235 389 294 448; x_wconf 85' lang='lat' dir='ltr'>xliv</span> <span class='ocrx_word' id='word_1_2' title='bbox 636 389 993 451; x_wconf 83' lang='lat' dir='ltr'>PROLEGOMENA.</span> 
     </span>
    </p>
   </div>
   <div class='ocr_carea' id='block_1_2' title="bbox 241 570 1403 4096">
    <p class='ocr_par' dir='ltr' id='par_1_2' title="bbox 241 570 1403 4096">
     <span class='ocr_line' id='line_1_2' title="bbox 241 570 1392 651; baseline -0.002 -19"><span class='ocrx_word' id='word_1_3' title='bbox 241 573 355 633; x_wconf 83' lang='lat' dir='ltr'><strong>remitte</strong></span> <span class='ocrx_word' id='word_1_4' title='bbox 369 571 455 632; x_wconf 89' lang='lat' dir='ltr'>crede</span> <span class='ocrx_word' id='word_1_5' title='bbox 470 573 547 634; x_wconf 86' lang='lat' dir='ltr'>lucet</span> <span class='ocrx_word' id='word_1_6' title='bbox 649 573 729 632; x_wconf 90' lang='lat' dir='ltr'>Dum</span> <span class='ocrx_word' id='word_1_7' title='bbox 744 575 836 633; x_wconf 83' lang='lat' dir='ltr'>nostri</span> <span class='ocrx_word' id='word_1_8' title='bbox 850 574 874 634; x_wconf 91' lang='lat' dir='ltr'>si</span> <span class='ocrx_word' id='word_1_9' title='bbox 889 593 921 634; x_wconf 89' lang='lat' dir='ltr'>es</span> <span class='ocrx_word' id='word_1_10' title='bbox 935 573 1089 651; x_wconf 86' lang='lat' dir='ltr'><strong>participes</strong></span> <span class='ocrx_word' id='word_1_11' title='bbox 1104 573 1211 632; x_wconf 87' lang='lat' dir='ltr'>amoris</span> <span class='ocrx_word' id='word_1_12' title='bbox 1312 570 1392 630; x_wconf 88' lang='lat' dir='ltr'>Cris-</span> 
     </span>
     <span class='ocr_line' id='line_1_3' title="bbox 242 671 1391 752; baseline -0.006 -16"><span class='ocrx_word' id='word_1_13' title='bbox 242 686 356 736; x_wconf 88' lang='lat' dir='ltr'>santem</span> <span class='ocrx_word' id='word_1_14' title='bbox 438 673 559 734; x_wconf 84' lang='lat' dir='ltr'>Vrbans</span> <span class='ocrx_word' id='word_1_15' title='bbox 580 674 669 734; x_wconf 86' lang='lat' dir='ltr'>latera</span> <span class='ocrx_word' id='word_1_16' title='bbox 749 675 866 750; x_wconf 87' lang='lat' dir='ltr'>gemelli</span> <span class='ocrx_word' id='word_1_17' title='bbox 885 676 1015 752; x_wconf 88' lang='lat' dir='ltr'>utrisque</span> <span class='ocrx_word' id='word_1_18' title='bbox 1097 673 1179 734; x_wconf 92' lang='lat' dir='ltr'>Gluit</span> <span class='ocrx_word' id='word_1_19' title='bbox 1192 671 1391 748; x_wconf 83' lang='lat' dir='ltr'>malignamini</span> 
     </span>
     <span class='ocr_line' id='line_1_4' title="bbox 242 769 1392 849; baseline -0.002 -19"><span class='ocrx_word' id='word_1_20' title='bbox 242 771 325 830; x_wconf 91' lang='lat' dir='ltr'>rheni</span> <span class='ocrx_word' id='word_1_21' title='bbox 407 771 567 848; x_wconf 88' lang='lat' dir='ltr'>sepulchris</span> <span class='ocrx_word' id='word_1_22' title='bbox 649 771 788 831; x_wconf 91' lang='lat' dir='ltr'>deuoluto</span> <span class='ocrx_word' id='word_1_23' title='bbox 802 773 922 849; x_wconf 84' lang='lat' dir='ltr'>exigue</span> <span class='ocrx_word' id='word_1_24' title='bbox 1004 771 1178 832; x_wconf 87' lang='lat' dir='ltr'>conderetur</span> <span class='ocrx_word' id='word_1_25' title='bbox 1261 769 1349 829; x_wconf 91' lang='lat' dir='ltr'>Nunc</span> <span class='ocrx_word' id='word_1_26' title='bbox 1364 779 1392 828; x_wconf 86' lang='lat' dir='ltr'>te</span> 
     </span>
     <span class='ocr_line' id='line_1_5' title="bbox 241 867 1393 946; baseline -0.004 -16"><span class='ocrx_word' id='word_1_27' title='bbox 241 871 326 930; x_wconf 89' lang='lat' dir='ltr'>leena</span> <span class='ocrx_word' id='word_1_28' title='bbox 402 869 537 946; x_wconf 89' lang='lat' dir='ltr'>supplic7</span> <span class='ocrx_word' id='word_1_29' title='bbox 604 871 743 930; x_wconf 89' lang='lat' dir='ltr'>concines</span> <span class='ocrx_word' id='word_1_30' title='bbox 825 872 948 930; x_wconf 83' lang='lat' dir='ltr'>tremula</span> <span class='ocrx_word' id='word_1_31' title='bbox 1028 870 1096 929; x_wconf 89' lang='lat' dir='ltr'>iulia</span> <span class='ocrx_word' id='word_1_32' title='bbox 1112 870 1210 929; x_wconf 88' lang='lat' dir='ltr'>mallio</span> <span class='ocrx_word' id='word_1_33' title='bbox 1293 867 1393 927; x_wconf 90' lang='lat' dir='ltr'>Nubet</span> 
     </span>
     <span class='ocr_line' id='line_1_6' title="bbox 244 965 1393 1042; baseline -0.003 -14"><span class='ocrx_word' id='word_1_34' title='bbox 244 967 381 1028; x_wconf 89' lang='lat' dir='ltr'>Nutriunt</span> <span class='ocrx_word' id='word_1_35' title='bbox 395 969 425 1025; x_wconf 90' lang='lat' dir='ltr'>in</span> <span class='ocrx_word' id='word_1_36' title='bbox 439 967 562 1027; x_wconf 93' lang='lat' dir='ltr'>humore</span> <span class='ocrx_word' id='word_1_37' title='bbox 664 968 713 1027; x_wconf 76' lang='lat' dir='ltr'>hd</span> <span class='ocrx_word' id='word_1_38' title='bbox 728 970 849 1028; x_wconf 92' lang='lat' dir='ltr'>domum</span> <span class='ocrx_word' id='word_1_39' title='bbox 952 967 1008 1027; x_wconf 90' lang='lat' dir='ltr'>hac</span> <span class='ocrx_word' id='word_1_40' title='bbox 1023 979 1052 1027; x_wconf 90' lang='lat' dir='ltr'>et</span> <span class='ocrx_word' id='word_1_41' title='bbox 1065 967 1120 1026; x_wconf 84' lang='lat' dir='ltr'>hac</span> <span class='ocrx_word' id='word_1_42' title='bbox 1215 967 1310 1042; x_wconf 89' lang='lat' dir='ltr'>magis</span> <span class='ocrx_word' id='word_1_43' title='bbox 1325 965 1393 1024; x_wconf 86' lang='lat' dir='ltr'>artis</span> 
     </span>
     <span class='ocr_line' id='line_1_7' title="bbox 243 1065 1394 1144; baseline -0.004 -18"><span class='ocrx_word' id='word_1_44' title='bbox 243 1068 297 1126; x_wconf 87' lang='lat' dir='ltr'>Est</span> <span class='ocrx_word' id='word_1_45' title='bbox 311 1066 456 1143; x_wconf 89' lang='lat' dir='ltr'>petendus</span> <span class='ocrx_word' id='word_1_46' title='bbox 562 1065 607 1126; x_wconf 90' lang='lat' dir='ltr'>Te</span> <span class='ocrx_word' id='word_1_47' title='bbox 623 1085 675 1125; x_wconf 88' lang='lat' dir='ltr'>sua</span> <span class='ocrx_word' id='word_1_48' title='bbox 690 1067 713 1126; x_wconf 92' lang='lat' dir='ltr'>si</span> <span class='ocrx_word' id='word_1_49' title='bbox 727 1067 857 1128; x_wconf 91' lang='lat' dir='ltr'>romulus</span> <span class='ocrx_word' id='word_1_50' title='bbox 872 1085 978 1144; x_wconf 88' lang='lat' dir='ltr'>parens</span> <span class='ocrx_word' id='word_1_51' title='bbox 1088 1066 1244 1144; x_wconf 82' lang='lat' dir='ltr'>puellulam</span> <span class='ocrx_word' id='word_1_52' title='bbox 1259 1065 1362 1123; x_wconf 88' lang='lat' dir='ltr'>Matris</span> <span class='ocrx_word' id='word_1_53' title='bbox 1377 1081 1394 1122; x_wconf 85' lang='lat' dir='ltr'>a</span> 
     </span>
     <span class='ocr_line' id='line_1_8' title="bbox 243 1161 1395 1242; baseline -0.003 -20"><span class='ocrx_word' id='word_1_54' title='bbox 243 1164 356 1240; x_wconf 91' lang='lat' dir='ltr'>gremio</span> <span class='ocrx_word' id='word_1_55' title='bbox 371 1182 423 1222; x_wconf 89' lang='lat' dir='ltr'>sue</span> <span class='ocrx_word' id='word_1_56' title='bbox 438 1161 466 1222; x_wconf 92' lang='grc' dir='ltr'><strong>Ο</strong></span> <span class='ocrx_word' id='word_1_57' title='bbox 481 1163 623 1240; x_wconf 88' lang='lat' dir='ltr'>hymenee</span> <span class='ocrx_word' id='word_1_58' title='bbox 638 1163 781 1240; x_wconf 85' lang='lat' dir='ltr'>hymenee</span> <span class='ocrx_word' id='word_1_59' title='bbox 796 1166 904 1242; x_wconf 90' lang='lat' dir='ltr'>hymen</span> <span class='ocrx_word' id='word_1_60' title='bbox 996 1164 1083 1224; x_wconf 87' lang='lat' dir='ltr'>Nulla</span> <span class='ocrx_word' id='word_1_61' title='bbox 1097 1165 1168 1242; x_wconf 92' lang='lat' dir='ltr'>quid</span> <span class='ocrx_word' id='word_1_62' title='bbox 1261 1162 1395 1222; x_wconf 89' lang='lat' dir='ltr'>uincirier</span> 
     </span>
     <span class='ocr_line' id='line_1_9' title="bbox 244 1259 1395 1339; baseline -0.002 -19"><span class='ocrx_word' id='word_1_63' title='bbox 244 1263 382 1322; x_wconf 88' lang='lat' dir='ltr'>Auruleia</span> <span class='ocrx_word' id='word_1_64' title='bbox 464 1261 493 1321; x_wconf 89' lang='lat' dir='ltr'>N</span> <span class='ocrx_word' id='word_1_65' title='bbox 495 1281 534 1321; x_wconf 91' lang='lat' dir='ltr'>on</span> <span class='ocrx_word' id='word_1_66' title='bbox 550 1263 621 1322; x_wconf 90' lang='lat' dir='ltr'>leuis</span> <span class='ocrx_word' id='word_1_67' title='bbox 636 1263 692 1322; x_wconf 93' lang='lat' dir='ltr'>tuis</span> <span class='ocrx_word' id='word_1_68' title='bbox 706 1263 736 1322; x_wconf 91' lang='lat' dir='ltr'>in</span> <span class='ocrx_word' id='word_1_69' title='bbox 750 1263 827 1322; x_wconf 90' lang='lat' dir='ltr'>mala</span> <span class='ocrx_word' id='word_1_70' title='bbox 841 1263 966 1323; x_wconf 89' lang='lat' dir='ltr'>Deditus</span> <span class='ocrx_word' id='word_1_71' title='bbox 979 1264 1023 1322; x_wconf 87' lang='lat' dir='ltr'>uir</span> <span class='ocrx_word' id='word_1_72' title='bbox 1037 1263 1176 1322; x_wconf 87' lang='lat' dir='ltr'>adulteria</span> <span class='ocrx_word' id='word_1_73' title='bbox 1251 1259 1395 1339; x_wconf 90' lang='lat' dir='ltr'>papillulis</span> 
     </span>
     <span class='ocr_line' id='line_1_10' title="bbox 244 1357 1395 1422; baseline -0.003 -2"><span class='ocrx_word' id='word_1_74' title='bbox 244 1361 365 1420; x_wconf 86' lang='lat' dir='ltr'>adsitas</span> <span class='ocrx_word' id='word_1_75' title='bbox 448 1360 583 1421; x_wconf 86' lang='lat' dir='ltr'>Gaudeat</span> <span class='ocrx_word' id='word_1_76' title='bbox 602 1362 654 1420; x_wconf 92' lang='lat' dir='ltr'>sed</span> <span class='ocrx_word' id='word_1_77' title='bbox 669 1363 729 1421; x_wconf 89' lang='lat' dir='ltr'>abit</span> <span class='ocrx_word' id='word_1_78' title='bbox 743 1363 806 1421; x_wconf 90' lang='lat' dir='ltr'>dies</span> <span class='ocrx_word' id='word_1_79' title='bbox 888 1362 995 1422; x_wconf 90' lang='lat' dir='ltr'>Tollite</span> <span class='ocrx_word' id='word_1_80' title='bbox 1009 1381 1029 1422; x_wconf 92' lang='lat' dir='ltr'>o</span> <span class='ocrx_word' id='word_1_81' title='bbox 1112 1362 1159 1422; x_wconf 91' lang='lat' dir='ltr'>Ne</span> <span class='ocrx_word' id='word_1_82' title='bbox 1174 1379 1265 1420; x_wconf 89' lang='lat' dir='ltr'>nuces</span> <span class='ocrx_word' id='word_1_83' title='bbox 1348 1357 1395 1417; x_wconf 90' lang='lat' dir='ltr'>Ne</span> 
     </span>
     <span class='ocr_line' id='line_1_11' title="bbox 244 1456 1395 1536; baseline -0.003 -18"><span class='ocrx_word' id='word_1_84' title='bbox 244 1460 367 1536; x_wconf 90' lang='lat' dir='ltr'>petitum</span> <span class='ocrx_word' id='word_1_85' title='bbox 470 1457 537 1531; x_wconf 90' lang='lat' dir='ltr'>Que</span> <span class='ocrx_word' id='word_1_86' title='bbox 560 1459 612 1518; x_wconf 94' lang='lat' dir='ltr'>tibi</span> <span class='ocrx_word' id='word_1_87' title='bbox 636 1461 698 1519; x_wconf 90' lang='lat' dir='ltr'>sine</span> <span class='ocrx_word' id='word_1_88' title='bbox 721 1461 780 1521; x_wconf 88' lang='lat' dir='ltr'>fine</span> <span class='ocrx_word' id='word_1_89' title='bbox 804 1460 893 1519; x_wconf 90' lang='lat' dir='ltr'>seruit</span> <span class='ocrx_word' id='word_1_90' title='bbox 1001 1460 1190 1536; x_wconf 89' lang='lat' dir='ltr'>Rasilemque</span> <span class='ocrx_word' id='word_1_91' title='bbox 1213 1459 1277 1517; x_wconf 91' lang='lat' dir='ltr'>subi</span> <span class='ocrx_word' id='word_1_92' title='bbox 1301 1456 1395 1516; x_wconf 84' lang='lat' dir='ltr'>sorem</span> 
     </span>
     <span class='ocr_line' id='line_1_12' title="bbox 243 1554 1396 1633; baseline -0.006 -14"><span class='ocrx_word' id='word_1_93' title='bbox 243 1556 354 1633; x_wconf 78' lang='lat' dir='ltr'>Aspice</span> <span class='ocrx_word' id='word_1_94' title='bbox 368 1556 454 1616; x_wconf 90' lang='lat' dir='ltr'>unius</span> <span class='ocrx_word' id='word_1_95' title='bbox 470 1567 500 1615; x_wconf 91' lang='lat' dir='ltr'>ut</span> <span class='ocrx_word' id='word_1_96' title='bbox 514 1559 662 1617; x_wconf 88' lang='lat' dir='ltr'>accubans</span> <span class='ocrx_word' id='word_1_97' title='bbox 775 1558 819 1617; x_wconf 92' lang='lat' dir='ltr'>llli</span> <span class='ocrx_word' id='word_1_98' title='bbox 834 1576 896 1616; x_wconf 90' lang='lat' dir='ltr'>non</span> <span class='ocrx_word' id='word_1_99' title='bbox 910 1559 1007 1618; x_wconf 89' lang='lat' dir='ltr'>minus</span> <span class='ocrx_word' id='word_1_100' title='bbox 1022 1577 1055 1616; x_wconf 83' lang='lat' dir='ltr'>ac</span> <span class='ocrx_word' id='word_1_101' title='bbox 1071 1558 1185 1616; x_wconf 79' lang='lat' dir='ltr'>tibiam.</span> <span class='ocrx_word' id='word_1_102' title='bbox 1295 1554 1396 1632; x_wconf 92' lang='lat' dir='ltr'>ponite</span> 
     </span>
     <span class='ocr_line' id='line_1_13' title="bbox 246 1655 1396 1735; baseline -0.003 -19"><span class='ocrx_word' id='word_1_103' title='bbox 246 1655 341 1732; x_wconf 87' lang='lat' dir='ltr'>magis</span> <span class='ocrx_word' id='word_1_104' title='bbox 436 1658 522 1716; x_wconf 88' lang='lat' dir='ltr'>adeat</span> <span class='ocrx_word' id='word_1_105' title='bbox 536 1658 589 1716; x_wconf 91' lang='lat' dir='ltr'>uiri</span> <span class='ocrx_word' id='word_1_106' title='bbox 682 1657 800 1735; x_wconf 86' lang='lat' dir='ltr'>cognite</span> <span class='ocrx_word' id='word_1_107' title='bbox 814 1659 889 1718; x_wconf 88' lang='lat' dir='ltr'>beue</span> <span class='ocrx_word' id='word_1_108' title='bbox 985 1658 1142 1735; x_wconf 84' lang='lat' dir='ltr'>puellulam</span> <span class='ocrx_word' id='word_1_109' title='bbox 1234 1655 1396 1733; x_wconf 89' lang='lat' dir='ltr'>parthenite</span> 
     </span>
     <span class='ocr_line' id='line_1_14' title="bbox 246 1754 1398 1836; baseline -0.001 -22"><span class='ocrx_word' id='word_1_110' title='bbox 246 1755 311 1815; x_wconf 88' lang='lat' dir='ltr'>Iam</span> <span class='ocrx_word' id='word_1_111' title='bbox 324 1775 418 1816; x_wconf 90' lang='lat' dir='ltr'>uenus</span> <span class='ocrx_word' id='word_1_112' title='bbox 433 1758 555 1816; x_wconf 89' lang='lat' dir='ltr'>bonate</span> <span class='ocrx_word' id='word_1_113' title='bbox 569 1777 662 1836; x_wconf 84' lang='lat' dir='ltr'>nenu3</span> <span class='ocrx_word' id='word_1_114' title='bbox 677 1754 794 1818; x_wconf 77' lang='lat' dir='ltr'>lnuenit</span> <span class='ocrx_word' id='word_1_115' title='bbox 894 1759 1022 1836; x_wconf 90' lang='lat' dir='ltr'>pulueris</span> <span class='ocrx_word' id='word_1_116' title='bbox 1037 1759 1142 1818; x_wconf 90' lang='lat' dir='ltr'>etheris</span> <span class='ocrx_word' id='word_1_117' title='bbox 1244 1758 1322 1815; x_wconf 91' lang='lat' dir='ltr'>milia</span> <span class='ocrx_word' id='word_1_118' title='bbox 1337 1756 1398 1814; x_wconf 89' lang='lat' dir='ltr'>ludi</span> 
     </span>
     <span class='ocr_line' id='line_1_15' title="bbox 246 1853 1397 1935; baseline 0.001 -23"><span class='ocrx_word' id='word_1_119' title='bbox 246 1853 284 1912; x_wconf 89' lang='lat' dir='ltr'>Et</span> <span class='ocrx_word' id='word_1_120' title='bbox 299 1855 387 1914; x_wconf 90' lang='lat' dir='ltr'>ludite</span> <span class='ocrx_word' id='word_1_121' title='bbox 401 1854 481 1915; x_wconf 88' lang='lat' dir='ltr'>lubet</span> <span class='ocrx_word' id='word_1_122' title='bbox 583 1857 636 1916; x_wconf 90' lang='lat' dir='ltr'>sed</span> <span class='ocrx_word' id='word_1_123' title='bbox 650 1857 719 1916; x_wconf 91' lang='lat' dir='ltr'>inde</span> <span class='ocrx_word' id='word_1_124' title='bbox 810 1859 954 1935; x_wconf 88' lang='lat' dir='ltr'>approbat</span> <span class='ocrx_word' id='word_1_125' title='bbox 1045 1856 1188 1932; x_wconf 88' lang='lat' dir='ltr'>Coniugis</span> <span class='ocrx_word' id='word_1_126' title='bbox 1202 1856 1261 1914; x_wconf 90' lang='lat' dir='ltr'>uite</span> <span class='ocrx_word' id='word_1_127' title='bbox 1274 1856 1354 1914; x_wconf 91' lang='lat' dir='ltr'>bone</span> <span class='ocrx_word' id='word_1_128' title='bbox 1368 1864 1397 1913; x_wconf 84' lang='lat' dir='ltr'>et</span> 
     </span>
     <span class='ocr_line' id='line_1_16' title="bbox 246 1951 1397 2032; baseline -0.001 -21"><span class='ocrx_word' id='word_1_129' title='bbox 246 1953 373 2012; x_wconf 86' lang='lat' dir='ltr'>ualidam</span> <span class='ocrx_word' id='word_1_130' title='bbox 480 1965 588 2014; x_wconf 90' lang='lat' dir='ltr'>canent</span> <span class='ocrx_word' id='word_1_131' title='bbox 602 1973 662 2032; x_wconf 90' lang='lat' dir='ltr'>quo</span> <span class='ocrx_word' id='word_1_132' title='bbox 676 1955 771 2014; x_wconf 91' lang='lat' dir='ltr'>uisere</span> <span class='ocrx_word' id='word_1_133' title='bbox 785 1965 888 2032; x_wconf 86' lang='lat' dir='ltr'>parent</span> <span class='ocrx_word' id='word_1_134' title='bbox 990 1973 1091 2014; x_wconf 89' lang='lat' dir='ltr'>secum</span> <span class='ocrx_word' id='word_1_135' title='bbox 1105 1966 1137 2013; x_wconf 88' lang='lat' dir='ltr'>ut</span> <span class='ocrx_word' id='word_1_136' title='bbox 1150 1954 1289 2012; x_wconf 88' lang='lat' dir='ltr'>meditata</span> <span class='ocrx_word' id='word_1_137' title='bbox 1302 1951 1397 2028; x_wconf 91' lang='lat' dir='ltr'>requi-</span> 
     </span>
     <span class='ocr_line' id='line_1_17' title="bbox 246 2050 1398 2129; baseline -0.001 -19"><span class='ocrx_word' id='word_1_138' title='bbox 246 2061 314 2110; x_wconf 90' lang='lat' dir='ltr'>runt</span> <span class='ocrx_word' id='word_1_139' title='bbox 395 2052 549 2112; x_wconf 84' lang='lat' dir='ltr'>uincentur</span> <span class='ocrx_word' id='word_1_140' title='bbox 563 2064 642 2112; x_wconf 87' lang='lat' dir='ltr'>amat</span> <span class='ocrx_word' id='word_1_141' title='bbox 740 2054 840 2128; x_wconf 85' lang='lat' dir='ltr'>Quare</span> <span class='ocrx_word' id='word_1_142' title='bbox 855 2073 916 2114; x_wconf 90' lang='lat' dir='ltr'>non</span> <span class='ocrx_word' id='word_1_143' title='bbox 930 2055 1046 2114; x_wconf 87' lang='lat' dir='ltr'>animos</span> <span class='ocrx_word' id='word_1_144' title='bbox 1141 2053 1256 2129; x_wconf 84' lang='lat' dir='ltr'>Vespei</span> <span class='ocrx_word' id='word_1_145' title='bbox 1269 2051 1319 2128; x_wconf 93' lang='lat' dir='ltr'>qui</span> <span class='ocrx_word' id='word_1_146' title='bbox 1333 2050 1398 2110; x_wconf 90' lang='lat' dir='ltr'>celo</span> 
     </span>
     <span class='ocr_line' id='line_1_18' title="bbox 247 2149 1397 2229; baseline 0.001 -22"><span class='ocrx_word' id='word_1_147' title='bbox 247 2149 327 2209; x_wconf 92' lang='lat' dir='ltr'>ludet</span> <span class='ocrx_word' id='word_1_148' title='bbox 341 2150 484 2209; x_wconf 92' lang='lat' dir='ltr'>crudelior</span> <span class='ocrx_word' id='word_1_149' title='bbox 584 2150 720 2228; x_wconf 88' lang='lat' dir='ltr'>Hespere</span> <span class='ocrx_word' id='word_1_150' title='bbox 734 2153 784 2229; x_wconf 93' lang='lat' dir='ltr'>qui</span> <span class='ocrx_word' id='word_1_151' title='bbox 799 2153 863 2212; x_wconf 90' lang='lat' dir='ltr'>celo</span> <span class='ocrx_word' id='word_1_152' title='bbox 877 2152 953 2212; x_wconf 86' lang='lat' dir='ltr'>lucet</span> <span class='ocrx_word' id='word_1_153' title='bbox 967 2152 1120 2212; x_wconf 88' lang='lat' dir='ltr'>iucundior</span> <span class='ocrx_word' id='word_1_154' title='bbox 1133 2151 1209 2228; x_wconf 91' lang='lat' dir='ltr'>ignis</span> <span class='ocrx_word' id='word_1_155' title='bbox 1224 2149 1284 2222; x_wconf 93' lang='lat' dir='ltr'>Qui</span> <span class='ocrx_word' id='word_1_156' title='bbox 1297 2160 1397 2208; x_wconf 82' lang='lat' dir='ltr'>natam</span> 
     </span>
     <span class='ocr_line' id='line_1_19' title="bbox 248 2248 1398 2327; baseline -0.002 -21"><span class='ocrx_word' id='word_1_157' title='bbox 248 2248 344 2324; x_wconf 91' lang='lat' dir='ltr'>possis</span> <span class='ocrx_word' id='word_1_158' title='bbox 358 2248 514 2324; x_wconf 89' lang='lat' dir='ltr'>complexu</span> <span class='ocrx_word' id='word_1_159' title='bbox 529 2249 653 2308; x_wconf 90' lang='lat' dir='ltr'>auellere</span> <span class='ocrx_word' id='word_1_160' title='bbox 667 2251 766 2310; x_wconf 90' lang='lat' dir='ltr'>matris</span> <span class='ocrx_word' id='word_1_161' title='bbox 779 2250 841 2322; x_wconf 87' lang='lat' dir='ltr'>Qui</span> <span class='ocrx_word' id='word_1_162' title='bbox 855 2251 1004 2327; x_wconf 85' lang='lat' dir='ltr'>desponsa</span> <span class='ocrx_word' id='word_1_163' title='bbox 1157 2250 1277 2308; x_wconf 90' lang='lat' dir='ltr'>nomine</span> <span class='ocrx_word' id='word_1_164' title='bbox 1292 2248 1398 2308; x_wconf 92' lang='lat' dir='ltr'>eodem</span> 
     </span>
     <span class='ocr_line' id='line_1_20' title="bbox 248 2344 1398 2424; baseline 0.002 -22"><span class='ocrx_word' id='word_1_165' title='bbox 248 2344 318 2403; x_wconf 90' lang='lat' dir='ltr'>nulli</span> <span class='ocrx_word' id='word_1_166' title='bbox 332 2355 473 2404; x_wconf 90' lang='lat' dir='ltr'>contusus</span> <span class='ocrx_word' id='word_1_167' title='bbox 555 2357 659 2424; x_wconf 90' lang='lat' dir='ltr'>captus</span> <span class='ocrx_word' id='word_1_168' title='bbox 673 2348 808 2408; x_wconf 87' lang='lat' dir='ltr'>defloruit</span> <span class='ocrx_word' id='word_1_169' title='bbox 890 2348 1017 2408; x_wconf 89' lang='lat' dir='ltr'>nascitur</span> <span class='ocrx_word' id='word_1_170' title='bbox 1031 2367 1103 2407; x_wconf 90' lang='lat' dir='ltr'>auro</span> <span class='ocrx_word' id='word_1_171' title='bbox 1198 2347 1268 2406; x_wconf 89' lang='lat' dir='ltr'>nulli</span> <span class='ocrx_word' id='word_1_172' title='bbox 1283 2346 1398 2406; x_wconf 89' lang='lat' dir='ltr'>coluere</span> 
     </span>
     <span class='ocr_line' id='line_1_21' title="bbox 248 2441 1398 2522; baseline 0.001 -21"><span class='ocrx_word' id='word_1_173' title='bbox 248 2441 331 2501; x_wconf 88' lang='lat' dir='ltr'>multi</span> <span class='ocrx_word' id='word_1_174' title='bbox 346 2443 497 2502; x_wconf 90' lang='lat' dir='ltr'>accoluere</span> <span class='ocrx_word' id='word_1_175' title='bbox 553 2445 593 2503; x_wconf 86' lang='lat' dir='ltr'>Ar</span> <span class='ocrx_word' id='word_1_176' title='bbox 607 2445 691 2522; x_wconf 88' lang='lat' dir='ltr'>uirgo</span> <span class='ocrx_word' id='word_1_177' title='bbox 705 2446 776 2505; x_wconf 90' lang='lat' dir='ltr'>dum</span> <span class='ocrx_word' id='word_1_178' title='bbox 790 2447 898 2506; x_wconf 86' lang='lat' dir='ltr'>intacta</span> <span class='ocrx_word' id='word_1_179' title='bbox 958 2446 1034 2506; x_wconf 90' lang='lat' dir='ltr'>Cara</span> <span class='ocrx_word' id='word_1_180' title='bbox 1048 2447 1142 2522; x_wconf 84' lang='lat' dir='ltr'>magis</span> <span class='ocrx_word' id='word_1_181' title='bbox 1156 2445 1240 2522; x_wconf 88' lang='lat' dir='ltr'>uirgo</span> <span class='ocrx_word' id='word_1_182' title='bbox 1254 2445 1398 2520; x_wconf 92' lang='lat' dir='ltr'>nimisque</span> 
     </span>
     <span class='ocr_line' id='line_1_22' title="bbox 248 2541 1398 2622; baseline 0.001 -23"><span class='ocrx_word' id='word_1_183' title='bbox 248 2541 342 2600; x_wconf 87' lang='lat' dir='ltr'>inuisa</span> <span class='ocrx_word' id='word_1_184' title='bbox 357 2542 468 2618; x_wconf 88' lang='lat' dir='ltr'>parenti</span> <span class='ocrx_word' id='word_1_185' title='bbox 564 2543 603 2602; x_wconf 87' lang='lat' dir='ltr'>Et</span> <span class='ocrx_word' id='word_1_186' title='bbox 617 2553 648 2602; x_wconf 92' lang='lat' dir='ltr'>tu</span> <span class='ocrx_word' id='word_1_187' title='bbox 662 2563 718 2603; x_wconf 90' lang='lat' dir='ltr'>nec</span> <span class='ocrx_word' id='word_1_188' title='bbox 814 2544 885 2604; x_wconf 93' lang='lat' dir='ltr'>Non</span> <span class='ocrx_word' id='word_1_189' title='bbox 899 2563 1007 2622; x_wconf 90' lang='lat' dir='ltr'>equum</span> <span class='ocrx_word' id='word_1_190' title='bbox 1022 2553 1066 2604; x_wconf 91' lang='lat' dir='ltr'>est</span> <span class='ocrx_word' id='word_1_191' title='bbox 1080 2562 1211 2621; x_wconf 87' lang='lat' dir='ltr'>pugnare</span> <span class='ocrx_word' id='word_1_192' title='bbox 1224 2550 1281 2602; x_wconf 84' lang='lat' dir='ltr'>tum</span> <span class='ocrx_word' id='word_1_193' title='bbox 1297 2542 1398 2614; x_wconf 88' lang='lat' dir='ltr'>Quom</span> 
     </span>
     <span class='ocr_line' id='line_1_23' title="bbox 248 2639 1400 2722; baseline 0.002 -25"><span class='ocrx_word' id='word_1_194' title='bbox 248 2657 302 2716; x_wconf 90' lang='lat' dir='ltr'>par</span> <span class='ocrx_word' id='word_1_195' title='bbox 318 2639 477 2698; x_wconf 89' lang='lat' dir='ltr'>conubium</span> <span class='ocrx_word' id='word_1_196' title='bbox 492 2647 548 2698; x_wconf 78' lang='lat' dir='ltr'>tum</span> <span class='ocrx_word' id='word_1_197' title='bbox 563 2641 633 2719; x_wconf 90' lang='lat' dir='ltr'>Ipse</span> <span class='ocrx_word' id='word_1_198' title='bbox 647 2653 731 2719; x_wconf 88' lang='lat' dir='ltr'>pater</span> <span class='ocrx_word' id='word_1_199' title='bbox 743 2644 795 2714; x_wconf 84' lang='lat' dir='ltr'>(sic</span> <span class='ocrx_word' id='word_1_200' title='bbox 804 2643 843 2701; x_wconf 85' lang='lat' dir='ltr'>ed.</span> <span class='ocrx_word' id='word_1_201' title='bbox 852 2643 947 2702; x_wconf 52' lang='lat' dir='ltr'>Prae</span> <span class='ocrx_word' id='word_1_202' title='bbox 961 2641 1051 2722; x_wconf 84' lang='lat'>1481)</span> <span class='ocrx_word' id='word_1_203' title='bbox 1105 2653 1260 2719; x_wconf 88' lang='lat' dir='ltr'>parentum</span> <span class='ocrx_word' id='word_1_204' title='bbox 1314 2641 1400 2700; x_wconf 90' lang='lat' dir='ltr'>matri</span> 
     </span>
     <span class='ocr_line' id='line_1_24' title="bbox 248 2738 1399 2818; baseline 0.002 -21"><span class='ocrx_word' id='word_1_205' title='bbox 248 2757 317 2815; x_wconf 89' lang='lat' dir='ltr'>pars</span> <span class='ocrx_word' id='word_1_206' title='bbox 332 2738 400 2798; x_wconf 88' lang='lat' dir='ltr'>data</span> <span class='ocrx_word' id='word_1_207' title='bbox 414 2739 503 2798; x_wconf 90' lang='lat' dir='ltr'>tercia</span> <span class='ocrx_word' id='word_1_208' title='bbox 584 2741 649 2800; x_wconf 87' lang='lat' dir='ltr'>Atis</span> <span class='ocrx_word' id='word_1_209' title='bbox 663 2741 748 2800; x_wconf 89' lang='lat' dir='ltr'>celeri</span> <span class='ocrx_word' id='word_1_210' title='bbox 819 2741 885 2801; x_wconf 88' lang='lat' dir='ltr'>loca</span> <span class='ocrx_word' id='word_1_211' title='bbox 900 2741 979 2801; x_wconf 88' lang='lat' dir='ltr'>deei</span> <span class='ocrx_word' id='word_1_212' title='bbox 1051 2759 1145 2818; x_wconf 87' lang='lat' dir='ltr'>uagus</span> <span class='ocrx_word' id='word_1_213' title='bbox 1160 2758 1244 2799; x_wconf 90' lang='lat' dir='ltr'>amns</span> <span class='ocrx_word' id='word_1_214' title='bbox 1309 2740 1399 2799; x_wconf 88' lang='lat' dir='ltr'>lectas</span> 
     </span>
     <span class='ocr_line' id='line_1_25' title="bbox 248 2836 1401 2913; baseline -0.001 -17"><span class='ocrx_word' id='word_1_215' title='bbox 248 2847 336 2896; x_wconf 87' lang='lat' dir='ltr'>acuto</span> <span class='ocrx_word' id='word_1_216' title='bbox 351 2836 405 2895; x_wconf 89' lang='lat' dir='ltr'>sibi</span> <span class='ocrx_word' id='word_1_217' title='bbox 420 2836 551 2913; x_wconf 90' lang='lat' dir='ltr'>pondere</span> <span class='ocrx_word' id='word_1_218' title='bbox 566 2837 660 2897; x_wconf 88' lang='lat' dir='ltr'>silices</span> <span class='ocrx_word' id='word_1_219' title='bbox 735 2838 850 2898; x_wconf 92' lang='lat' dir='ltr'>macula</span> <span class='ocrx_word' id='word_1_220' title='bbox 926 2837 1056 2896; x_wconf 88' lang='lat' dir='ltr'>Hilarate</span> <span class='ocrx_word' id='word_1_221' title='bbox 1071 2837 1143 2897; x_wconf 89' lang='lat' dir='ltr'>heus</span> <span class='ocrx_word' id='word_1_222' title='bbox 1158 2837 1308 2913; x_wconf 86' lang='lat' dir='ltr'>citatisque</span> <span class='ocrx_word' id='word_1_223' title='bbox 1323 2836 1401 2895; x_wconf 85' lang='lat' dir='ltr'>luro-</span> 
     </span>
     <span class='ocr_line' id='line_1_26' title="bbox 247 2935 1400 2996; baseline -0.001 -2"><span class='ocrx_word' id='word_1_224' title='bbox 247 2935 328 2995; x_wconf 92' lang='lat' dir='ltr'>ribus</span> <span class='ocrx_word' id='word_1_225' title='bbox 344 2935 432 2993; x_wconf 87' lang='lat' dir='ltr'>animi</span> <span class='ocrx_word' id='word_1_226' title='bbox 542 2935 601 2994; x_wconf 91' lang='lat' dir='ltr'>Vbi</span> <span class='ocrx_word' id='word_1_227' title='bbox 615 2936 754 2995; x_wconf 88' lang='lat' dir='ltr'>uerticem</span> <span class='ocrx_word' id='word_1_228' title='bbox 769 2955 855 2995; x_wconf 91' lang='lat' dir='ltr'>suum</span> <span class='ocrx_word' id='word_1_229' title='bbox 869 2937 1011 2996; x_wconf 90' lang='lat' dir='ltr'>menades</span> <span class='ocrx_word' id='word_1_230' title='bbox 1023 2937 1144 2996; x_wconf 91' lang='lat' dir='ltr'>iniciunt</span> <span class='ocrx_word' id='word_1_231' title='bbox 1253 2935 1400 2994; x_wconf 88' lang='lat' dir='ltr'>celebrare</span> 
     </span>
     <span class='ocr_line' id='line_1_27' title="bbox 249 3034 1400 3112; baseline 0.001 -20"><span class='ocrx_word' id='word_1_232' title='bbox 249 3034 382 3110; x_wconf 90' lang='lat' dir='ltr'>tripudiis</span> <span class='ocrx_word' id='word_1_233' title='bbox 474 3034 572 3093; x_wconf 89' lang='lat' dir='ltr'>animo</span> <span class='ocrx_word' id='word_1_234' title='bbox 597 3053 719 3111; x_wconf 85' lang='lat' dir='ltr'>gemens</span> <span class='ocrx_word' id='word_1_235' title='bbox 815 3034 958 3095; x_wconf 88' lang='lat' dir='ltr'>indomita</span> <span class='ocrx_word' id='word_1_236' title='bbox 982 3035 1042 3112; x_wconf 90' lang='lat' dir='ltr'>iugi</span> <span class='ocrx_word' id='word_1_237' title='bbox 1137 3034 1254 3094; x_wconf 84' lang='lat' dir='ltr'>labante</span> <span class='ocrx_word' id='word_1_238' title='bbox 1278 3034 1400 3109; x_wconf 89' lang='lat' dir='ltr'>langore</span> 
     </span>
     <span class='ocr_line' id='line_1_28' title="bbox 249 3132 1400 3210; baseline -0.001 -19"><span class='ocrx_word' id='word_1_239' title='bbox 249 3133 297 3191; x_wconf 92' lang='lat' dir='ltr'>hic</span> <span class='ocrx_word' id='word_1_240' title='bbox 311 3132 422 3192; x_wconf 88' lang='lat' dir='ltr'>labellis</span> <span class='ocrx_word' id='word_1_241' title='bbox 436 3132 533 3209; x_wconf 85' lang='lat' dir='ltr'>palam</span> <span class='ocrx_word' id='word_1_242' title='bbox 548 3133 661 3192; x_wconf 89' lang='lat' dir='ltr'>sonitus</span> <span class='ocrx_word' id='word_1_243' title='bbox 675 3133 745 3192; x_wconf 90' lang='lat' dir='ltr'>adiit</span> <span class='ocrx_word' id='word_1_244' title='bbox 870 3135 987 3210; x_wconf 92' lang='lat' dir='ltr'>cybeles</span> <span class='ocrx_word' id='word_1_245' title='bbox 1001 3133 1135 3193; x_wconf 87' lang='lat' dir='ltr'>leonibus</span> <span class='ocrx_word' id='word_1_246' title='bbox 1261 3133 1400 3209; x_wconf 90' lang='lat' dir='ltr'>Agedum</span> 
     </span>
     <span class='ocr_line' id='line_1_29' title="bbox 249 3228 1401 3307; baseline -0.002 -17"><span class='ocrx_word' id='word_1_247' title='bbox 249 3230 344 3305; x_wconf 89' lang='lat' dir='ltr'>inquit</span> <span class='ocrx_word' id='word_1_248' title='bbox 357 3230 457 3290; x_wconf 87' lang='lat' dir='ltr'>ferox:</span> <span class='ocrx_word' id='word_1_249' title='bbox 478 3249 557 3289; x_wconf 90' lang='lat' dir='ltr'>nunc</span> <span class='ocrx_word' id='word_1_250' title='bbox 572 3231 636 3290; x_wconf 87' lang='lat' dir='ltr'>face</span> <span class='ocrx_word' id='word_1_251' title='bbox 650 3230 730 3290; x_wconf 83' lang='lat' dir='ltr'>furor</span> <span class='ocrx_word' id='word_1_252' title='bbox 744 3228 889 3290; x_wconf 86' lang='lat' dir='ltr'>animum¹</span> <span class='ocrx_word' id='word_1_253' title='bbox 987 3231 1123 3307; x_wconf 89' lang='lat' dir='ltr'>Faceque</span> <span class='ocrx_word' id='word_1_254' title='bbox 1136 3229 1241 3290; x_wconf 85' lang='lat' dir='ltr'>suroris</span> <span class='ocrx_word' id='word_1_255' title='bbox 1330 3229 1401 3288; x_wconf 85' lang='lat' dir='ltr'>Mea</span> 
     </span>
     <span class='ocr_line' id='line_1_30' title="bbox 250 3327 1401 3406; baseline 0.001 -19"><span class='ocrx_word' id='word_1_256' title='bbox 250 3327 324 3388; x_wconf 90' lang='lat' dir='ltr'>liber</span> <span class='ocrx_word' id='word_1_257' title='bbox 337 3337 381 3388; x_wconf 89' lang='lat' dir='ltr'>est</span> <span class='ocrx_word' id='word_1_258' title='bbox 396 3328 482 3388; x_wconf 91' lang='lat' dir='ltr'>nimis</span> <span class='ocrx_word' id='word_1_259' title='bbox 497 3329 546 3405; x_wconf 90' lang='lat' dir='ltr'>qui</span> <span class='ocrx_word' id='word_1_260' title='bbox 663 3339 713 3388; x_wconf 87' lang='lat' dir='ltr'>tua</span> <span class='ocrx_word' id='word_1_261' title='bbox 726 3329 846 3406; x_wconf 88' lang='lat' dir='ltr'>iuraque</span> <span class='ocrx_word' id='word_1_262' title='bbox 860 3341 958 3406; x_wconf 90' lang='lat' dir='ltr'>repete</span> <span class='ocrx_word' id='word_1_263' title='bbox 1065 3329 1141 3388; x_wconf 85' lang='lat' dir='ltr'>Face</span> <span class='ocrx_word' id='word_1_264' title='bbox 1157 3340 1243 3389; x_wconf 88' lang='lat' dir='ltr'>cunta</span> <span class='ocrx_word' id='word_1_265' title='bbox 1346 3328 1401 3388; x_wconf 87' lang='lat' dir='ltr'>sita</span> 
     </span>
     <span class='ocr_line' id='line_1_31' title="bbox 252 3427 1402 3504; baseline -0.002 -18"><span class='ocrx_word' id='word_1_266' title='bbox 252 3427 403 3486; x_wconf 89' lang='lat' dir='ltr'>decurrere</span> <span class='ocrx_word' id='word_1_267' title='bbox 419 3427 510 3504; x_wconf 91' lang='lat' dir='ltr'>puppi</span> <span class='ocrx_word' id='word_1_268' title='bbox 600 3437 747 3486; x_wconf 90' lang='lat' dir='ltr'>uertentes</span> <span class='ocrx_word' id='word_1_269' title='bbox 761 3427 893 3504; x_wconf 88' lang='lat' dir='ltr'>abiegnis</span> <span class='ocrx_word' id='word_1_270' title='bbox 985 3427 1097 3504; x_wconf 89' lang='lat' dir='ltr'>lllaque</span> <span class='ocrx_word' id='word_1_271' title='bbox 1112 3437 1197 3504; x_wconf 89' lang='lat' dir='ltr'>atque</span> <span class='ocrx_word' id='word_1_272' title='bbox 1212 3427 1267 3486; x_wconf 87' lang='lat' dir='ltr'>alia</span> <span class='ocrx_word' id='word_1_273' title='bbox 1356 3427 1402 3484; x_wconf 91' lang='lat' dir='ltr'>in·</span> 
     </span>
     <span class='ocr_line' id='line_1_32' title="bbox 253 3523 1401 3602; baseline -0.001 -18"><span class='ocrx_word' id='word_1_274' title='bbox 253 3543 375 3584; x_wconf 91' lang='lat' dir='ltr'>censum</span> <span class='ocrx_word' id='word_1_275' title='bbox 390 3523 478 3584; x_wconf 89' lang='lat' dir='ltr'>fertur</span> <span class='ocrx_word' id='word_1_276' title='bbox 581 3526 742 3602; x_wconf 75' lang='lat' dir='ltr'>neptunine</span> <span class='ocrx_word' id='word_1_277' title='bbox 838 3525 1016 3585; x_wconf 86' lang='lat' dir='ltr'>Pharsaliam</span> <span class='ocrx_word' id='word_1_278' title='bbox 1030 3536 1162 3602; x_wconf 92' lang='lat' dir='ltr'>coquunt</span> <span class='ocrx_word' id='word_1_279' title='bbox 1263 3524 1301 3584; x_wconf 81' lang='lat' dir='ltr'>ad</span> <span class='ocrx_word' id='word_1_280' title='bbox 1315 3525 1401 3584; x_wconf 89' lang='lat' dir='ltr'>sedes</span> 
     </span>
     <span class='ocr_line' id='line_1_33' title="bbox 253 3623 1401 3701; baseline 0 -19"><span class='ocrx_word' id='word_1_281' title='bbox 253 3642 444 3700; x_wconf 91' lang='lat' dir='ltr'>quascunque</span> <span class='ocrx_word' id='word_1_282' title='bbox 553 3623 623 3683; x_wconf 91' lang='lat' dir='ltr'>nido</span> <span class='ocrx_word' id='word_1_283' title='bbox 639 3624 719 3700; x_wconf 92' lang='lat' dir='ltr'>quod</span> <span class='ocrx_word' id='word_1_284' title='bbox 734 3625 821 3684; x_wconf 89' lang='lat' dir='ltr'>dente</span> <span class='ocrx_word' id='word_1_285' title='bbox 928 3642 1052 3701; x_wconf 90' lang='lat' dir='ltr'>seseque</span> <span class='ocrx_word' id='word_1_286' title='bbox 1067 3624 1111 3683; x_wconf 89' lang='lat' dir='ltr'>sui</span> <span class='ocrx_word' id='word_1_287' title='bbox 1125 3635 1186 3683; x_wconf 90' lang='lat' dir='ltr'>tum</span> <span class='ocrx_word' id='word_1_288' title='bbox 1199 3623 1323 3683; x_wconf 87' lang='lat' dir='ltr'>credidit</span> <span class='ocrx_word' id='word_1_289' title='bbox 1337 3641 1401 3682; x_wconf 89' lang='lat' dir='ltr'>esse</span> 
     </span>
     <span class='ocr_line' id='line_1_34' title="bbox 253 3721 1402 3800; baseline -0.001 -20"><span class='ocrx_word' id='word_1_290' title='bbox 253 3722 344 3781; x_wconf 89' lang='lat' dir='ltr'>cernit</span> <span class='ocrx_word' id='word_1_291' title='bbox 357 3721 467 3781; x_wconf 86' lang='lat' dir='ltr'>harena</span> <span class='ocrx_word' id='word_1_292' title='bbox 583 3721 658 3782; x_wconf 88' lang='lat' dir='ltr'>teriti</span> <span class='ocrx_word' id='word_1_293' title='bbox 673 3723 805 3800; x_wconf 90' lang='lat' dir='ltr'>strophio</span> <span class='ocrx_word' id='word_1_294' title='bbox 819 3723 951 3783; x_wconf 87' lang='lat' dir='ltr'>lactentis</span> <span class='ocrx_word' id='word_1_295' title='bbox 965 3723 1043 3783; x_wconf 87' lang='lat' dir='ltr'>uicta</span> <span class='ocrx_word' id='word_1_296' title='bbox 1152 3721 1277 3780; x_wconf 89' lang='lat' dir='ltr'>hortinia</span> <span class='ocrx_word' id='word_1_297' title='bbox 1293 3721 1402 3798; x_wconf 91' lang='lat' dir='ltr'>templa</span> 
     </span>
     <span class='ocr_line' id='line_1_35' title="bbox 254 3807 1403 3897; baseline 0 -19"><span class='ocrx_word' id='word_1_298' title='bbox 254 3829 355 3880; x_wconf 88' lang='lat' dir='ltr'>eurote</span> <span class='ocrx_word' id='word_1_299' title='bbox 464 3821 616 3897; x_wconf 86' lang='lat' dir='ltr'>suspendit</span> <span class='ocrx_word' id='word_1_300' title='bbox 630 3832 701 3880; x_wconf 89' lang='lat' dir='ltr'>uota</span> <span class='ocrx_word' id='word_1_301' title='bbox 807 3807 917 3880; x_wconf 46' lang='lat' dir='ltr'>&#39;cortice</span> <span class='ocrx_word' id='word_1_302' title='bbox 932 3821 1033 3880; x_wconf 88' lang='lat' dir='ltr'>binum</span> <span class='ocrx_word' id='word_1_303' title='bbox 1136 3820 1225 3880; x_wconf 86' lang='lat' dir='ltr'>Exuit</span> <span class='ocrx_word' id='word_1_304' title='bbox 1239 3821 1286 3879; x_wconf 87' lang='lat' dir='ltr'>illa</span> <span class='ocrx_word' id='word_1_305' title='bbox 1300 3819 1403 3897; x_wconf 90' lang='lat' dir='ltr'>procul</span> 
     </span>
     <span class='ocr_line' id='line_1_36' title="bbox 253 3918 1403 3996; baseline 0 -18"><span class='ocrx_word' id='word_1_306' title='bbox 253 3919 399 3978; x_wconf 85' lang='lat' dir='ltr'>radicibus</span> <span class='ocrx_word' id='word_1_307' title='bbox 413 3920 565 3978; x_wconf 86' lang='lat' dir='ltr'>exturbata</span> <span class='ocrx_word' id='word_1_308' title='bbox 654 3920 770 3996; x_wconf 86' lang='lat' dir='ltr'>lateque</span> <span class='ocrx_word' id='word_1_309' title='bbox 785 3920 919 3979; x_wconf 90' lang='lat' dir='ltr'>cominus</span> <span class='ocrx_word' id='word_1_310' title='bbox 933 3921 1034 3979; x_wconf 92' lang='lat' dir='ltr'>omnia</span> <span class='ocrx_word' id='word_1_311' title='bbox 1047 3918 1154 3996; x_wconf 82' lang='lat' dir='ltr'>frangit</span> <span class='ocrx_word' id='word_1_312' title='bbox 1244 3918 1330 3990; x_wconf 92' lang='lat' dir='ltr'>Quae</span> <span class='ocrx_word' id='word_1_313' title='bbox 1349 3920 1403 3978; x_wconf 90' lang='lat' dir='ltr'>mi-</span> 
     </span>
     <span class='ocr_line' id='line_1_37' title="bbox 255 4017 1403 4096; baseline 0.001 -19"><span class='ocrx_word' id='word_1_314' title='bbox 255 4035 319 4077; x_wconf 90' lang='lat' dir='ltr'>sera</span> <span class='ocrx_word' id='word_1_315' title='bbox 334 4017 435 4094; x_wconf 88' lang='lat' dir='ltr'>ignara</span> <span class='ocrx_word' id='word_1_316' title='bbox 449 4017 505 4077; x_wconf 85' lang='lat' dir='ltr'>dea</span> <span class='ocrx_word' id='word_1_317' title='bbox 519 4036 580 4078; x_wconf 92' lang='lat' dir='ltr'>non</span> <span class='ocrx_word' id='word_1_318' title='bbox 595 4019 711 4096; x_wconf 84' lang='lat' dir='ltr'>prodita</span> <span class='ocrx_word' id='word_1_319' title='bbox 724 4019 782 4078; x_wconf 87' lang='lat' dir='ltr'>leta</span> <span class='ocrx_word' id='word_1_320' title='bbox 905 4019 981 4078; x_wconf 91' lang='lat' dir='ltr'>dulci</span> <span class='ocrx_word' id='word_1_321' title='bbox 996 4018 1111 4078; x_wconf 75' lang='lat' dir='ltr'>deuicta</span> <span class='ocrx_word' id='word_1_322' title='bbox 1232 4017 1321 4078; x_wconf 93' lang='lat' dir='ltr'>Vnde</span> <span class='ocrx_word' id='word_1_323' title='bbox 1341 4018 1403 4078; x_wconf 90' lang='lat' dir='ltr'>acie</span> 
     </span>
    </p>
   </div>
   <div class='ocr_carea' id='block_1_3' title="bbox 255 4261 1405 4494">
    <p class='ocr_par' dir='ltr' id='par_1_3' title="bbox 255 4261 1405 4494">
     <span class='ocr_line' id='line_1_38' title="bbox 292 4261 1404 4327; baseline 0.002 -19"><span class='ocrx_word' id='word_1_324' title='bbox 292 4261 300 4291; x_wconf 91' lang='lat'>¹</span> <span class='ocrx_word' id='word_1_325' title='bbox 324 4261 429 4310; x_wconf 74' lang='lat' dir='ltr'>Fortasse</span> <span class='ocrx_word' id='word_1_326' title='bbox 451 4277 480 4310; x_wconf 82' lang='lat' dir='ltr'>ex</span> <span class='ocrx_word' id='word_1_327' title='bbox 502 4261 588 4310; x_wconf 75' lang='lat' dir='ltr'>anime</span> <span class='ocrx_word' id='word_1_328' title='bbox 609 4273 749 4325; x_wconf 84' lang='lat' dir='ltr'>corruptum.</span> <span class='ocrx_word' id='word_1_329' title='bbox 769 4263 832 4324; x_wconf 89' lang='lat' dir='ltr'>quod</span> <span class='ocrx_word' id='word_1_330' title='bbox 855 4277 916 4310; x_wconf 89' lang='lat' dir='ltr'>nunc</span> <span class='ocrx_word' id='word_1_331' title='bbox 939 4261 1128 4310; x_wconf 82' lang='lat' dir='ltr'>Lachmanniano</span> <span class='ocrx_word' id='word_1_332' title='bbox 1153 4261 1227 4327; x_wconf 80' lang='lat' dir='ltr'>agitet</span> <span class='ocrx_word' id='word_1_333' title='bbox 1250 4262 1404 4323; x_wconf 75' lang='lat' dir='ltr'>praetulerim.</span> 
     </span>
     <span class='ocr_line' id='line_1_39' title="bbox 255 4343 1405 4408; baseline 0 -16"><span class='ocrx_word' id='word_1_334' title='bbox 255 4343 326 4392; x_wconf 84' lang='lat' dir='ltr'>Simili</span> <span class='ocrx_word' id='word_1_335' title='bbox 344 4345 415 4391; x_wconf 91' lang='lat' dir='ltr'>modo</span> <span class='ocrx_word' id='word_1_336' title='bbox 432 4345 489 4392; x_wconf 85' lang='lat' dir='ltr'>dixit</span> <span class='ocrx_word' id='word_1_337' title='bbox 507 4346 535 4392; x_wconf 89' lang='lat' dir='ltr'>de</span> <span class='ocrx_word' id='word_1_338' title='bbox 550 4345 616 4393; x_wconf 89' lang='lat' dir='ltr'>leone</span> <span class='ocrx_word' id='word_1_339' title='bbox 627 4347 746 4394; x_wconf 80' lang='lat' dir='ltr'>Nemeaeo</span> <span class='ocrx_word' id='word_1_340' title='bbox 758 4346 853 4406; x_wconf 79' lang='lat' dir='ltr'>scriptor</span> <span class='ocrx_word' id='word_1_341' title='bbox 865 4345 970 4393; x_wconf 83' lang='lat' dir='ltr'>carminis</span> <span class='ocrx_word' id='word_1_342' title='bbox 987 4345 1015 4392; x_wconf 79' lang='lat' dir='ltr'>de</span> <span class='ocrx_word' id='word_1_343' title='bbox 1029 4345 1137 4392; x_wconf 75' lang='lat' dir='ltr'>laudibus</span> <span class='ocrx_word' id='word_1_344' title='bbox 1148 4345 1256 4394; x_wconf 78' lang='lat' dir='ltr'>Herculis</span> <span class='ocrx_word' id='word_1_345' title='bbox 1270 4346 1405 4408; x_wconf 87' lang='lat' dir='ltr'>plerumque</span> 
     </span>
     <span class='ocr_line' id='line_1_40' title="bbox 256 4427 1131 4494; baseline 0 -18"><span class='ocrx_word' id='word_1_346' title='bbox 256 4427 385 4476; x_wconf 82' lang='lat' dir='ltr'>Claudiano</span> <span class='ocrx_word' id='word_1_347' title='bbox 396 4428 474 4477; x_wconf 88' lang='lat' dir='ltr'>tributi</span> <span class='ocrx_word' id='word_1_348' title='bbox 486 4445 508 4478; x_wconf 93' lang='lat' dir='ltr'>u.</span> <span class='ocrx_word' id='word_1_349' title='bbox 517 4440 547 4492; x_wconf 88' lang='lat'>91</span> <span class='ocrx_word' id='word_1_350' title='bbox 561 4429 593 4478; x_wconf 82' lang='lat' dir='ltr'>ln</span> <span class='ocrx_word' id='word_1_351' title='bbox 603 4443 665 4477; x_wconf 83' lang='lat' dir='ltr'>noua</span> <span class='ocrx_word' id='word_1_352' title='bbox 676 4429 815 4494; x_wconf 72' lang='lat' dir='ltr'>sanguineos</span> <span class='ocrx_word' id='word_1_353' title='bbox 826 4429 935 4477; x_wconf 71' lang='lat' dir='ltr'>ordinasti</span> <span class='ocrx_word' id='word_1_354' title='bbox 947 4428 1043 4478; x_wconf 66' lang='lat' dir='ltr'>aulana</span> <span class='ocrx_word' id='word_1_355' title='bbox 1054 4428 1131 4477; x_wconf 71' lang='lat' dir='ltr'>rictam</span> 
     </span>
    </p>
   </div>
   <div class='ocr_carea' id='block_1_4' title="bbox 0 0 1596 5046">
    <p class='ocr_par' dir='ltr' id='par_1_4' title="bbox 0 0 1596 5046">
     <span class='ocr_line' id='line_1_41' title="bbox 0 0 1596 5046; baseline 0 0"><span class='ocrx_word' id='word_1_356' title='bbox 0 0 1596 5046; x_wconf 95' lang='lat' dir='ltr'> </span> 
     </span>
    </p>
   </div>
  </div>
 </body>
</html>
