3074 5066
669 401 725 460 DE
749 396 1012 466 PARTITIONE

592 603 760 664 Hauouus
786 603 910 662 Furrms
933 602 1084 675 830-894.

335 731 416 792 Harl.
431 735 517 805 2484.
765 732 847 792 Harl.
862 734 953 807 ⁶33²·
1179 721 1261 782 Harl.
1276 721 1361 794 2483.

676 848 775 907 Ausus
790 857 835 906 est
848 863 954 906 caecos

212 945 271 1005 Sed
284 942 423 1022 frequens
436 962 546 1022 magne
678 945 737 1004 Sed
751 941 888 1020 frequens
902 960 1012 1019 magna

676 1041 780 1115 Qualis
793 1041 897 1100 Eleum

677 1141 797 1212 Quanta
810 1157 878 1199 cunr
891 1139 980 1214 longe

212 1235 270 1294 His
284 1233 386 1294 datum
400 1234 470 1294 solis

212 1333 276 1392 Stat
290 1333 381 1392 cbaos
395 1333 520 1394 densum

213 1430 285 1490 Sera
298 1448 354 1490 nos
368 1430 417 1490 iiio

213 1624 326 1684 Thebis
340 1624 415 1684 laeta
429 1625 492 1686 dies
506 1627 589 1686 adest
1081 1623 1193 1683 Tbebis
1208 1621 1285 1680 Μ
1299 1617 1361 1676 dies
1374 1615 1455 1675 Μ
1534 1653 1535 1692 t

1081 1721 1206 1781 Cessent
1220 1716 1358 1793 deposito

213 1819 314 1880 Stante
324 1820 388 1901 (εῖτ)
400 1823 547 1884 sacrificus
558 1842 660 1886 comas

212 1915 275 1978 Pax
290 1931 335 1980 est
349 1919 496 1982 Herculea
509 1940 600 1982 manu
1081 1918 1143 1977 Pax
1156 1927 1200 1976 est
1213 1912 1363 1973 Herculea
1374 1923 1462 1966 manu

304 2080 372 2142 Hae
397 2083 565 2160 partitiones
584 2084 756 2162 plemmque
778 2084 892 2144 duabus
912 2083 996 2142 lineis
1018 2081 1121 2159 positis
1141 2081 1170 2136 ie
1189 2075 1361 2151 παραλλῆλσν
1380 2073 1409 2130 in

263 2178 379 2238 sinistro
398 2179 485 2241 latere
503 2200 606 2242 uersus
620 2179 686 2262 (=)
700 2182 747 2242 uel
768 2192 840 2241 nota
860 2181 944 2240 simili
965 2181 1027 2239 eius
1047 2196 1124 2257 quae
1145 2177 1176 2234 in
1190 2173 1298 2232 Horati
1317 2179 1409 2230 exstat

264 2277 421 2349 codicibus,
440 2283 485 2352 V,
501 2280 655 2353 interdum,
669 2281 745 2340 utin
759 2277 966 2350 Lincolniensi,
981 2278 1074 2354 prima
1087 2276 1168 2334 litera
1181 2274 1292 2332 maiore
1310 2269 1409 2331 ceteris

263 2387 294 2434 et
314 2377 412 2436 colore
431 2377 562 2454 quodam
582 2379 690 2454 insigni
711 2377 836 2454 adpicta,
850 2376 907 2448 uel,
922 2376 1003 2453 quod
1023 2375 1095 2434 alias
1115 2373 1240 2432 occurrit
1255 2372 1285 2429 in
1306 2370 1410 2430 eodem

265 2473 377 2545 codice,
393 2479 432 2552 <7¹
450 2483 568 2534 extante
588 2484 617 2534 et
637 2475 755 2534 alternis
773 2473 874 2543 mirrio,
888 2473 1004 2532 alterius
1018 2489 1146 2549 purpure
1160 2470 1306 2539 distincto,
1321 2468 1410 2527 deno-

264 2581 368 2630 tantur.
419 2572 573 2646 Quantum
598 2573 671 2632 inter
693 2591 726 2632 se
750 2571 929 2631 conueniant
953 2588 989 2628 ex
1014 2569 1120 2628 tabulis
1143 2567 1219 2626 meis
1242 2567 1410 2643 apparebit3

265 2679 407 2744 quantum
428 2689 465 2730 ex
486 2671 611 2748 antiquis
634 2671 772 2730 traditum
794 2670 839 2740 sit,
865 2669 907 2728 sic
931 2667 1081 2744 intelliges,
1101 2667 1125 2726 si
1150 2665 1261 2726 collatis
1284 2667 1358 2724 iuter
1381 2683 1413 2723 se

265 2767 378 2836 tabulis,
394 2787 462 2827 cunr
477 2770 626 2829 schemate
640 2768 774 2828 conseres
787 2768 974 2844 partitionum
988 2766 1089 2842 quales
1103 2783 1121 2824 a
1135 2764 1275 2825 Richtero
1290 2763 1413 2840 Peipero

266 2863 327 2922 aliis
342 2873 409 2924 suut
424 2865 594 2942 descriptae.
638 2865 687 2926 Sic
702 2864 792 2924 Chori
806 2865 1018 2924 Thebanorum
1036 2862 1062 2922 0
1070 2864 1198 2941 fortuna
1219 2863 1294 2919 ur‘rt's
1315 2861 1415 2918 imita

254 2961 386 3038 sorh'bus
401 2959 504 3038 (Herc.
518 2964 586 3024 Fur.
602 2959 757 3043 524-591)
771 2967 862 3035 σχῆμα
877 2961 959 3038 quod
973 2962 1047 3020 mira
1066 2971 1126 3020 arte
1141 2960 1305 3036 designauit
1319 2971 1416 3036 poeta,

267 3058 434 3120 huiusmodi
448 3071 499 3120 est.

500 3173 1183 3260 ²·tl4·10ls·8l²·⁶ls·8ls·⁶l4

309 3289 377 3350 Hae
398 3295 534 3365 περικοπαὶ
554 3309 659 3354 omnes
678 3294 708 3353 in
727 3313 789 3354 uno
811 3293 1010 3354 Lincohriensi
1028 3301 1128 3352 extant
1144 3289 1303 3350 clarissime
1323 3289 1420 3348 minio

268 3397 298 3446 et
312 3405 440 3464 purpura
458 3389 614 3450 denotatae
628 3401 741 3467 praeter
755 3410 806 3451 eas
820 3392 926 3468 quibus
941 3393 1047 3467 stigma
1060 3408 1122 3448 non
1136 3387 1269 3464 apposui.
1312 3385 1419 3462 Itaque

269 3503 306 3544 ex
327 3486 465 3546 tredecim
485 3497 544 3547 tres
561 3497 674 3548 tantum
687 3489 843 3565 perienurt
858 3498 888 3549 et
908 3507 944 3548 ex
966 3489 1011 3548 his
1031 3488 1122 3546 tribus
1143 3484 1218 3545 duae
1239 3485 1350 3560 priores
1370 3483 1420 3541 irr-

269 3583 424 3642 ueniuntur
438 3585 467 3642 irr
483 3584 565 3644 Harl.
581 3588 670 3661 6332,
686 3587 774 3646 altera
794 3587 825 3645 in
843 3586 925 3646 Harl.
944 3589 1029 3661 2483.
1074 3584 1133 3644 Sed
1153 3597 1219 3642 curn
1242 3582 1298 3641 hae
1317 3591 1421 3657 partes

268 3689 370 3756 utpote
393 3699 519 3758 magnae
547 3683 577 3740 in
601 3683 715 3742 minora
739 3686 873 3744 membra
900 3683 1059 3754 discedant,
1084 3690 1184 3740 extant
1211 3689 1299 3739 notae
1326 3680 1421 3737 etiarn

270 3775 392 3850 horum;
420 3792 521 3853 namq
544 3797 645 3838 uersus
666 3781 715 3856 qui
738 3781 850 3857 primos
866 3800 881 3839 2
898 3790 1043 3850 secuntur,
1065 3779 1148 3838 incisi
1169 3777 1287 3836 suntin
1308 3775 1423 3835 eodem

270 3870 468 3936 Lincohriensi
486 3877 589 3936 codice
608 3887 675 3954 post
689 3879 804 3937 tertium
817 3887 1020 3955 quartumque,
1035 3877 1114 3936 unde
1132 3875 1265 3935 membra
1283 3875 1325 3934 sic
1344 3891 1423 3933 con-

271 3971 371 4032 stituas
387 3991 445 4049 313
454 3994 462 4046 ;
484 3991 555 4034 mox
571 3975 621 4053 qui
638 3985 775 4036 secuntur
790 3994 808 4047 4
823 3975 853 4034 iu
870 3993 906 4034 22
928 3975 1097 4046 discedunt;
1119 3973 1246 4051 proximi
1261 3990 1299 4030 10
1313 3971 1344 4028 in
1358 3985 1422 4045 55;

270 4066 362 4126 ultimi
378 4089 394 4141 4
410 4071 440 4128 in
457 4089 503 4130 22.

313 4164 457 4224 Senecam
480 4169 530 4245 qui
557 4169 684 4230 imitatus
711 4179 755 4229 est
778 4167 919 4230 Boethius
946 4187 1007 4228 non
1030 4169 1136 4228 mirum
1163 4157 1187 4226 si
1212 4165 1342 4226 carmina
1363 4183 1424 4226 sua

271 4259 375 4318 iisdem
389 4263 592 4338 gubernaculis
605 4269 686 4326 rexit.
728 4267 793 4327 Nec
807 4269 836 4326 in
851 4285 1000 4344 quoquam
1014 4267 1088 4329 libro
1102 4267 1225 4326 certiora
1238 4265 1425 4340 reperiuntur

272 4356 356 4430 signa
370 4358 544 4420 incisionum
558 4381 647 4439 quarn
661 4366 692 4424 in
705 4382 742 4425 eo
756 4384 844 4442 quern
859 4366 972 4443 scripsit
986 4367 1032 4425 hic
1047 4366 1084 4425 de
1095 4363 1306 4425 Consolatione
1319 4361 1426 4420 Philo·

272 4451 401 4530 sophiae.
443 4455 480 4516 ld
499 4458 581 4520 lectis
602 4463 777 4524 carminibus
799 4464 895 4524 statim
916 4465 1040 4540 agnoui;
1068 4471 1171 4540 postea
1187 4460 1318 4522 excussis
1336 4459 1424 4520 codi-
