3094 5052
612 343 831 408 CARMEN
864 343 935 408 vu.

415 533 504 595 Nam
529 533 577 596 nit
597 543 706 618 stupra
729 535 827 618 ualet,
851 535 934 596 nihil
956 543 1074 598 tacere.

372 671 462 738 Cur?
492 681 649 736 nontam
673 673 773 737 latera
796 673 937 737 ecfututa
959 675 1091 760 pandas,

416 784 485 848 Ner‘
506 793 541 848 tu
562 785 639 868 quid
662 784 762 848 facias
784 787 988 870 ineptiarum.

373 919 492 1006 Qare,
514 921 663 1005 quicquid
686 921 783 985 habes
805 924 882 987 boni
905 921 1057 1006 malique,

416 1032 480 1096 Dic
503 1034 605 1098 nobis.
650 1035 724 1098 uolo
746 1045 779 1100 te
802 1056 840 1100 ac
862 1047 935 1099 tuos
957 1054 1082 1100 amores

418 1144 467 1210 Ad
491 1148 614 1210 caelum
639 1148 745 1233 lepido
767 1169 881 1214 uocare
904 1169 1005 1214 uersu.

739 1334 810 1400 vu.

418 1469 580 1558 Quietus,
602 1482 679 1556 quot
702 1473 782 1536 mihi
806 1473 1004 1537 basiationes

415 1582 517 1667 Tuae,
540 1583 668 1669 Lesbia,
690 1587 758 1648 sint
781 1585 861 1649 satis
882 1604 1045 1670 superque.

418 1774 525 1863 Qarn
547 1796 680 1860 magnus
703 1797 852 1841 numerus
874 1777 1027 1864 Libyssae
1050 1777 1187 1840 harenae

417 1888 659 1973 Lasarpiciferis
681 1893 766 1954 iacet
792 1892 936 1976 Cyrenis,

238 2075 278 2110 η.
316 2057 343 2108 in
357 2055 400 2125 (ni
414 2055 575 2125 coum)
586 2063 636 2114 ista
667 2059 770 2114 renuet
784 2058 875 2110 codices
945 2064 1039 2110 tacere
1053 2058 1144 2109 codices
1159 2074 1241 2108 omnes
1312 2055 1350 2107 mi

196 2127 338 2198 praeualet
351 2128 402 2180 ista
414 2126 451 2179 nil
463 2134 555 2180 tacere
569 2127 630 2180 ΑΜ.
643 2078 697 2181 itu
709 2128 849 2198 Spengelius
938 2129 966 2180 ni
978 2128 1116 2196 praeualet
1130 2128 1181 2180 ista
1195 2126 1231 2178 nil
1244 2132 1351 2178 taceres

195 2201 235 2253 ed.
255 2201 302 2252 Pr.
322 2199 451 2252 Guarinru
523 2199 559 2250 nil
578 2215 618 2266 pr.
637 2199 696 2262 ista,
715 2199 751 2251 nil
769 2207 863 2252 tacere
882 2199 969 2251 Druso
977 2199 1006 2266 f.
1018 2199 1056 2251 ed.
1072 2215 1138 2264 159²
1212 2198 1239 2250 ni
1257 2203 1351 2264 stupra

196 2271 272 2324 ualet
290 2269 404 2338 Scaliger
492 2268 529 2321 mi
549 2275 642 2337 stupra
660 2271 733 2323 ualet
753 2269 852 2339 Anglru
870 2271 897 2323 in
914 2271 1020 2340 Ephem,
1040 2268 1121 2323 class.
1139 2269 1242 2321 XXIV.
1255 2279 1284 2337 p.
1300 2284 1348 2320 211

197 2341 236 2395 nil
261 2341 313 2393 im
336 2341 410 2393 ualet
427 2340 607 2394 Larhnrannur
687 2341 725 2394 nil
748 2347 842 2409 stupra
859 2341 932 2394 ualet
946 2342 1072 2410 Hamr‘us
1143 2341 1198 2410 lpse
1215 2339 1274 2392 olim
1292 2357 1351 2392 con·

196 2415 307 2465 ieceram
320 2409 392 2464 Nam
404 2411 441 2463 nil
453 2418 525 2464 stare
538 2411 618 2464 ualet„

238 2499 279 2548 ¹3·
306 2483 367 2542 ¹Cur
396 2500 450 2534 non
482 2480 555 2551 (non
580 2501 620 2534 om
640 2479 679 2551 7)
702 2493 758 2538 taur
786 2485 870 2537 latera
894 2491 922 2538 et
948 2485 1038 2538 futura
1064 2479 1168 2550 (fututa
1192 2477 1237 2552 h2)
1257 2489 1344 2554 panda

198 2555 252 2607 AB
265 2573 284 2606 a
302 2573 338 2606 nr.
347 2563 392 2622 pr.
405 2549 728 2606 cuouuta¹1a²01⁷b²e
798 2551 923 2606 exfututa
948 2552 1018 2618 Itali,
1035 2571 1054 2606 a
1074 2571 1106 2604 ex
1126 2571 1229 2617 rasura,
1246 2551 1285 2604 ed.
1303 2554 1351 2607 Pr.

197 2624 272 2694 uolgo
353 2623 476 2677 ecfututa
493 2625 672 2677 Lachmannur
691 2624 787 2694 Haupt.
806 2625 878 2692 Heys.
896 2623 984 2677 Rossb.
1001 2623 1036 2691 cf.
1048 2624 1159 2676 XXIX.
1175 2639 1204 2687 13
1224 2633 1248 2674 et
1260 2624 1351 2692 Priap.

197 2697 303 2748 XXVI.
317 2712 342 2760 7,
356 2695 363 2722 ‘
377 2693 432 2762 ipsi
449 2695 559 2748 cernitis
577 2694 714 2748 ecfututus
730 2702 761 2747 ut
775 2695 843 2748 sim!
856 2693 898 2747 ubi
912 2703 941 2749 et
956 2694 1046 2748 fututa
1061 2693 1136 2747 habet
1153 2695 1228 2746 codex
1240 2693 1350 2746 linden-

196 2767 344 2836 bmgionos,
357 2772 389 2817 ut
400 2764 489 2818 fututa
501 2767 583 2830 ceteri,
595 2764 717 2819 ecfututa
729 2765 890 2820 Broechelenu
961 2765 1062 2834 pandas
1073 2766 1092 2817 h
1161 2763 1278 2832 pandam
1290 2763 1316 2817 d.

237 2855 279 2902 14.
316 2835 377 2888 Nec
400 2837 490 2888 codices
509 2847 615 2906 praeter
637 2855 656 2890 a
726 2834 770 2890 Ne
794 2855 812 2889 a
883 2835 919 2890 Ni
941 2837 1062 2919 Baptista
1080 2837 1208 2888 Guarinus
1296 2832 1350 2888 Nei

198 2907 336 2960 Manilius
350 2908 528 2960 Lachnrannus
541 2907 584 2960 Ha
617 2918 636 2960 t.
649 2907 736 2961 Rossh.
749 2905 870 2960 schenah.
941 2907 1056 2960 satiasB
1094 2908 1210 2959 Muretus
1224 2925 1255 2958 ex
1270 2905 1351 2958 tribus

169 2974 186 2994 ’”
197 2977 310 3031 orsum
326 2995 429 3042 12-14
439 2978 507 3044 ,fecit
519 2978 579 3030 daos
608 2977 664 3031 'am
678 2993 728 3031 cur
741 2985 798 3030 tam
815 2978 900 3031 latera
912 2977 1034 3032 ecfututa
1046 2977 1147 3046 pandas
1160 2976 1195 3029 Ni
1208 2983 1239 3029 tu
1251 2975 1317 3044 quid
1330 2975 1350 3030 f.

198 3050 383 3117 ineptiarum?
440 3049 491 3101 Cui
504 3047 577 3118 (Cur
589 3048 677 3102 Balth.
692 3047 814 3118 Venator)
827 3065 883 3101 non
895 3055 916 3102 t.
928 3048 945 3102 i.
958 3064 983 3103 e.
995 3048 1115 3116 pandant
1128 3047 1220 3101 Noctu
1233 3046 1283 3117 (sic
1295 3049 1350 3100 iam

196 3131 276 3173 antea
289 3117 416 3188 Scaliger)
429 3135 456 3188 q.
469 3118 487 3172 s.
501 3119 556 3173 in?
570 3121 667 3172 Vossius
680 3120 712 3174 Β.
726 3122 835 3172 Venator
905 3121 964 3173 Cur
978 3135 1051 3172 nunc
1067 3124 1088 3172 t.
1100 3117 1118 3172 l.
1131 3134 1156 3172 e.
1192 3118 1274 3171 undas
1290 3116 1350 3171 Nec

198 3199 230 3244 tu
249 3207 277 3260 q.
293 3189 312 3244 f.
326 3191 381 3244 ini
399 3190 549 3261 Dom'ngiur
568 3190 678 3259 Silligiur
774 3191 832 3243 Cur
850 3192 923 3244 uon?
941 3197 961 3244 t.
980 3191 997 3243 l.
1010 3207 1035 3243 e.
1054 3189 1155 3258 pandas
1173 3135 1225 3242 iter
1244 3195 1265 3242 t.
1283 3204 1310 3257 q.
1329 3187 1350 3243 f.

198 3261 382 3329 ineptiarum?
399 3261 539 3330 Spengelirrs
592 3261 667 3314 Cur?
680 3259 730 3330 (sic
741 3263 795 3314 ianr
806 3271 884 3315 antea
896 3261 964 3314 Scalr'
979 3259 1023 3330 er)
1035 3277 1090 3314 non
1103 3267 1160 3314 tarn
1173 3260 1189 3313 i.
1203 3275 1229 3312 e.
1241 3257 1350 3328 pandas,

198 3331 253 3385 Nei
266 3341 297 3386 tu
310 3331 375 3400 quid
387 3330 407 3384 s.
421 3331 582 3399 ineptiarum
593 3332 774 3385 Lachmannus
786 3333 881 3402 Haupt.
894 3281 981 3386 Rossff.
995 3331 1115 3385 Schwab.
1145 3330 1187 3398 Qf.
1200 3331 1263 3384 Hor.
1276 3331 1301 3382 S.
1313 3331 1350 3384 ΙΙ.

200 3421 224 3469 3,
239 3419 283 3468 75,
299 3402 443 3455 ‘Putidius
459 3403 546 3456 multo
557 3402 702 3456 cerebrum
721 3409 763 3456 est
779 3403 844 3456 mihi
861 3404 952 3469 crede,
966 3403 1065 3469 Perilli,
1078 3402 1215 3456 Dictantis
1228 3400 1302 3469 quod
1318 3406 1350 3453 tu

197 3477 371 3541 ‘numquam
385 3473 534 3526 rescribere
549 3474 651 3542 possis!
689 3473 726 3526 u.
743 3477 800 3540 1⁶5,
814 3475 822 3502 ‘
835 3473 898 3526 Non
911 3481 953 3526 est
969 3474 1092 3542 periurus
1105 3489 1194 3542 neque
1207 3471 1349 3525 sordidus:

197 3547 205 3574 ‘
219 3544 344 3598 immolet
354 3545 448 3613 aequis
458 3543 513 3598 Hic
523 3561 638 3613 porcum
650 3543 766 3599 laribus!
803 3545 877 3598 Oru'd.
886 3545 988 3598 Her-oid.
998 3546 1087 3598 XVH.
1099 3547 1158 3610 136,
1168 3543 1287 3596 ‘Ferrea
1298 3543 1349 3595 sim

197 3617 205 3644 ‘
217 3616 241 3668 si
254 3631 310 3668 non
322 3615 376 3668 boc
388 3631 440 3682 ego
452 3623 547 3684 pectus
559 3616 667 3669 amem!

238 3703 279 3752 ις.
315 3686 381 3754 quid
398 3688 425 3738 A
494 3686 626 3755 quidquid
645 3686 690 3738 ΗΑ
757 3685 877 3754 bonique
896 3687 1014 3755 malique
1032 3686 1056 3740 Ο
1127 3685 1200 3738 inter
1216 3683 1307 3753 lepido
1324 3693 1349 3737 er

196 3773 300 3812 uocare
312 3759 395 3810 maim
409 3756 480 3810 soluo
491 3759 601 3827 spatium
613 3759 688 3812 estin
701 3758 724 3812 G
792 3773 902 3811 uersum
915 3759 947 3812 0.

233 3925 287 3977 nn
308 3925 476 3980 uerenini
498 3853 837 3979 ruminabitis.
890 3927 1004 3996 spanum
1017 3927 1089 3979 uno
1102 3943 1187 3978 uerso
1198 3926 1226 3978 a
1238 3925 1292 3979 or.

237 4012 260 4048 r.
296 3994 371 4078 quod
384 3992 516 4049 noluo
595 3996 661 4050 mihi
674 3997 750 4050 ornB
821 3996 1025 4051 bassiationesh
1094 3995 1243 4050 basiatores
1254 3997 1290 4050 H.

235 4083 261 4202 3.
295 4067 582 4206 feifflrf'numems
592 4157 619 4204 a,
632 4147 660 4190 ut
669 4149 732 4209 prao
745 4157 777 4191 ex
789 4137 896 4207 confluis
909 4137 997 4191 nurn's
1008 4155 1087 4192 mons
1167 4137 1264 4207 lybisse
1277 4137 1353 4191 CGH

198 4207 288 4267 tibisse
301 4206 457 4261 Ala¹la²a
509 4208 608 4262 bibisse
622 4211 644 4261 V
654 4209 792 4263 rodatur
844 4209 920 4262 lisbie
933 4208 964 4262 Β
1014 4209 1150 4264 libiceiid
1200 4208 1349 4278 libycaebc

197 4279 313 4348 hbyssae
326 4278 699 4387 DL,nrfrdf‡:twhmmm
770 4279 889 4334 harenae
903 4280 1050 4334 acuohu
1117 4295 1216 4335 arenae
1229 4289 1286 4334 cett.

234 4419 261 4464 ⁴·
284 4359 489 4468 Lasarpicisgris
513 4401 537 4454 G
601 4399 739 4469 Lasarpici
752 4398 817 4453 feris
829 4397 930 4468 (marg.
938 4397 1071 4481 ‘tretis)C
1133 4397 1271 4466 Lasarpici
1283 4397 1348 4452 feris

200 4468 378 4524 ABDLLou
432 4471 677 4541 Lasarpiciserisa
731 4470 1021 4539 LasarpicitretisHV
1068 4469 1206 4540 Lasarpici
1218 4469 1284 4524 fecis
1293 4467 1348 4523 0b²
