3136 5060
642 403 699 463 sn
727 404 822 462 xxv.
843 421 869 477 5.
1267 409 1325 465 ³17

186 587 272 660 tpsr'us
289 597 434 662 praenexo
454 589 642 666 obsignatoque
664 609 710 648 ore
732 591 913 648 simulacrum
935 590 1021 649 habet.
1064 590 1161 651 Gloss.
1176 590 1328 650 Philoxeni

186 704 215 762 p.
229 705 262 744 ra
278 687 441 764 Angerama
460 691 475 759 ἡ
494 692 552 747 θεὸς
569 693 616 759 τῆς
633 693 733 760 βουλῆς
750 693 791 746 καὶ
809 697 908 764 καιρῶν.
957 688 1053 748 Huius
1074 689 1155 748 Deae
1176 699 1234 750 tres
1254 691 1327 749 ima·

186 785 269 860 gines
298 788 477 862 reperiuntur
491 787 583 865 -apud
611 787 864 859 Montfauconum,
889 789 1008 864 Antiqq.
1034 787 1146 864 Explic.
1166 787 1189 846 1.
1213 806 1241 863 p.
1258 807 1326 862 344.

186 882 300 942 Omnes
321 885 443 960 digitum
464 886 574 944 habent
592 887 679 944 labris
699 887 871 963 inpressum,
886 886 967 962 quod
986 886 1073 945 etiam
1093 886 1123 944 in
1142 885 1326 962 Harpocrate

186 981 302 1057 signum
324 993 368 1042 est
389 984 509 1056 silentii;
531 985 614 1044 tertia
632 985 656 1044 si
674 1003 743 1044 uere
760 984 844 1043 huius
861 995 905 1043 est
919 985 1006 1044 etiam
1022 984 1168 1060 Sarapidis
1182 984 1327 1042 calathum

187 1081 217 1137 in
241 1081 336 1157 capite
360 1093 462 1158 gestat,
484 1093 513 1142 et
535 1082 670 1143 Herculis
691 1084 804 1143 clanam
823 1085 853 1140 in
873 1084 988 1142 sinistra
1004 1093 1091 1142 tenet.
1133 1082 1222 1142 Hanc
1243 1083 1328 1159 igitur

186 1180 453 1255 interpretationem
477 1181 626 1258 praefero;
659 1200 734 1259 quae
758 1183 836 1242 enirn
861 1183 929 1241 diua
955 1180 1071 1258 praesul
1095 1191 1139 1240 est
1169 1181 1272 1240 silentii
1299 1191 1329 1240 et

187 1279 302 1354 signato
330 1297 384 1338 suo
408 1299 460 1338 ore
483 1291 584 1340 monet
608 1301 645 1340 ne
672 1292 780 1340 temere
804 1281 874 1358 quid
902 1292 1011 1358 agatur,
1036 1281 1112 1340 hanc
1139 1282 1216 1340 bene
1244 1281 1328 1357 fingit

188 1378 318 1438 Catullus
351 1381 474 1440 aliorum
503 1379 609 1441 Thallo
644 1382 798 1441 ostendere
831 1382 1035 1441 oscitationem
1062 1393 1094 1440 ut
1123 1381 1222 1440 oblato
1250 1387 1329 1457 καιρῷ

187 1488 291 1537 utatur.
1284 1463 1287 1468 ’

230 1575 366 1652 Superest
389 1587 421 1636 ut
441 1577 622 1637 Lachrnanni
643 1577 877 1637 emendationem
900 1579 1107 1638 examinemus.
1151 1576 1211 1650 Qui
1232 1579 1261 1636 in
1282 1579 1329 1638 ed.

193 1680 267 1751 1829
283 1675 355 1735 haec
375 1677 489 1753 scripsit
510 1675 594 1735 Cum
616 1676 697 1735 diua
717 1676 935 1736 munerarios
956 1677 1113 1736 ostendit
1133 1677 1329 1736 oscitantes

188 1774 292 1834 additis
310 1773 355 1832 his
374 1775 469 1833 uerbis
484 1775 569 1851 ‘Ego
588 1793 624 1833 ex
643 1775 662 1833 Ii
680 1774 735 1833 feci
754 1792 782 1834 n.
825 1774 1008 1835 Munerarius
1023 1785 1068 1834 est
1081 1775 1131 1851 qui
1145 1793 1266 1834 munera
1279 1774 1329 1833 dat

188 1873 257 1931 ‘uel
276 1873 383 1931 inuitus
401 1882 430 1931 et
447 1873 580 1932 oscitanti
598 1872 699 1949 rapta!
741 1872 830 1932 Hanc
849 1874 1115 1950 interpretationem
1128 1892 1164 1932 ex
1182 1873 1329 1949 glossariis

188 1989 256 2030 eum
270 1972 359 2031 credo
374 1972 599 2054 deprompsisse.
641 1971 710 2049 Ipse
729 1973 759 2031 in
774 1971 925 2031 Glossario
940 1971 1106 2031 Balliolensi
1120 1972 1193 2030 haec
1208 1973 1329 2048 repperi.

187 2069 407 2129 Munerarius
424 2071 482 2147 qui
501 2088 642 2129 munera
659 2071 723 2129 dat.
759 2069 856 2129 Gloss
871 2071 1000 2130 Labbaei
1016 2071 1235 2130 Munerarius
1252 2075 1331 2142 φιλό·

186 2192 261 2236 rspos
280 2170 440 2242 ἀγωνοθέτης
459 2172 616 2242 χαριστικός.
659 2167 757 2228 Gloss.
774 2167 966 2227 Hildebrandi
987 2189 1015 2246 p.
1028 2172 1086 2244 366
1108 2168 1330 2228 Munerarius

187 2267 245 2342 qui
266 2285 401 2342 semper
422 2286 562 2326 munera
583 2268 737 2343 requirit.
779 2268 816 2326 ib.
831 2286 860 2344 p.
875 2287 932 2344 219
947 2268 1105 2327 Munifex
1127 2269 1184 2344 qui
1206 2285 1330 2326 munus

187 2365 256 2437 dat,
278 2364 506 2437 honorificat,
527 2365 719 2426 munificat.
761 2365 830 2424 Mai.
846 2367 931 2426 Auct.
947 2365 1039 2426 Class.
1054 2366 1123 2425 VII.
1139 2370 1197 2441 569
1213 2366 1329 2425 Mun-i·

186 2463 243 2522 lex
271 2465 487 2525 munerarius
501 2465 559 2540 qui
586 2482 728 2524 munera
756 2464 833 2535 fert,
859 2465 916 2540 qui
944 2483 1067 2523 munus
1094 2464 1192 2534 facit,
1218 2449 1252 2524 id
1277 2474 1332 2523 est

186 2562 347 2622 officium
375 2563 530 2640 aliquod.
580 2563 633 2621 VI.
655 2577 713 2637 534
742 2562 899 2622 Muniferr
928 2564 1156 2622 munerarius.
1212 2562 1257 2620 Ex
1286 2561 1330 2650 his

187 2661 351 2737 intelligitur
372 2662 588 2720 munerarius
613 2662 719 2738 duplici
744 2680 831 2720 sensu
854 2673 1008 2739 usurpatus
1030 2661 1127 2720 fuisse.
1169 2661 1229 2720 Aut
1250 2661 1330 2719 enirn

187 2770 231 2818 est
254 2760 332 2819 idem
357 2760 437 2836 quod
462 2770 660 2819 munerator
679 2760 748 2819 he.
774 2762 824 2837 qui
848 2761 949 2820 ludum
973 2761 1175 2837 gladiatorium
1199 2760 1259 2819 edit
1281 2755 1345 2832 (ef.¹

188 2857 306 2916 Sueton.
326 2857 435 2916 Domit
451 2858 491 2930 X)
513 2857 629 2918 Patrem
642 2859 779 2935 familias
800 2860 875 2934 quod
896 2857 1024 2917 Threcem
1049 2859 1216 2918 mirmilloni
1230 2868 1330 2933 parem

187 2957 384 3015 munerari0
412 2959 543 3031 imparem
571 2957 688 3014 dr'eccrat
712 2957 835 3030 (dixerat
857 2957 946 3016 credo
971 2956 1071 3024 Threx
1090 2967 1148 3032 par
1169 2958 1335 3015 mirmilloni

185 3056 278 3129 rmpar
288 3057 459 3127 munerario)
471 3055 619 3113 detractum
633 3057 791 3130 spectaculis
806 3057 835 3113 e'n
849 3074 963 3112 arceram
977 3055 1091 3112 cam'bees
1105 3055 1198 3112 obiecit
1208 3075 1268 3112 cum
1282 3056 1331 3113 leoc

185 3154 265 3212 titulo
286 3153 392 3228 ‘lmpr'e
413 3155 516 3214 loculus
532 3153 749 3229 parmularius!
791 3153 891 3225 Quint.
914 3152 1000 3212 IX.6
1026 3152 1111 3213 Certa
1134 3154 1204 3210 cmm
1232 3172 1333 3211 arettae

185 3252 344 3310 destricalar
363 3254 495 3320 ur'ctrma;
517 3271 591 3310 nano
611 3253 808 3311 munerario
830 3253 915 3310 ueleics
935 3259 1053 3310 steterat.
1105 3249 1172 3310 Sen.
1188 3249 1329 3310 Controu.

186 3350 239 3408 IV.
254 3349 346 3410 Praef.
365 3349 445 3421 Quod
462 3351 649 3409 munerarii
669 3351 755 3408 solent
761 3349 864 3426 sacere
877 3353 929 3426 qul
943 3351 984 3408 ad
998 3352 1219 3424 exspectatam
1235 3349 1335 3424 populi

185 3451 353 3508 deremendum
368 3470 440 3508 norea
447 3451 535 3526 parta
543 3461 596 3525 per
609 3469 697 3508 omnes
710 3451 766 3508 dr'es
780 3451 946 3524 despensant)
959 3459 1007 3508 aut
1018 3459 1062 3508 est
1073 3467 1225 3508 munerum
1237 3449 1330 3510 dator.

186 3547 284 3608 Priore
300 3569 387 3608 sensu
401 3559 541 3626 quantum
559 3549 621 3608 scio
641 3566 756 3624 semper
775 3549 853 3624 apud
873 3549 970 3608 bonos
992 3549 1147 3624 scriptores
1168 3548 1329 3621 inuenitur;

186 3665 282 3724 neque
309 3648 386 3706 aliud
413 3648 540 3708 uoluisse
567 3657 638 3724 puto
667 3646 894 3718 QuInctilianum
923 3646 994 3706 Inst.
1021 3646 1102 3708 Orat.
1128 3646 1212 3706 VIII.
1238 3666 1264 3722 3.
1290 3666 1327 3723 34

189 3745 327 3816 Quaedam
343 3751 433 3804 tamen
445 3747 610 3821 perdurant.
653 3745 732 3804 Nam
746 3753 850 3822 atquae
863 3753 955 3804 uetera
969 3765 1041 3804 meac
1054 3748 1255 3823 suntfueruat
1266 3748 1329 3805 olt'm

185 3863 276 3912 naua,·
297 3852 324 3902 ct
334 3845 466 3920 quaedam
485 3847 515 3902 r'n
533 3864 586 3902 usu
600 3855 733 3920 perquam
750 3846 874 3910 recentem,
890 3851 922 3901 ut
934 3841 1073 3901 Messalla
1080 3846 1195 3919 premas
1208 3856 1329 3914 reatum,

185 3960 306 4000 munera
320 3946 433 4017 primus
447 3942 594 4018 Augustus
613 3943 755 4000 deserunt.
797 3941 951 4000 Piraticam
971 3959 1073 4016 quoque
1093 3948 1127 3998 ut
1144 3942 1285 4002 musicam
1306 3949 1332 4000 et

185 4040 323 4100 fabricam
338 4041 495 4098 de'cr'adlsuc
508 4031 670 4098 dubitabant
681 4043 736 4097 ma
744 4047 937 4115 praeceptores.
980 4039 1125 4098 Fauorem
1143 4047 1168 4096 et
1185 4040 1329 4099 urbanum

187 4139 284 4199 Cicero
297 4158 369 4197 noua
383 4140 488 4197 credit:
508 4137 587 4198 Nam
600 4146 627 4196 et
638 4141 667 4195 ἐκ
681 4139 794 4214 epistula
808 4139 849 4196 ad
859 4137 983 4196 Brutam
1003 4156 1071 4196 eum
1090 4138 1181 4213 inquit
1198 4156 1328 4198 amorem

184 4249 214 4296 et
233 4256 302 4296 eum
322 4249 354 4296 ut
374 4238 431 4298 hoc
452 4238 544 4297 uerbo
564 4248 627 4295 utar
649 4237 779 4295 fauorem
801 4237 829 4294 in
852 4237 1005 4295 consilium
1026 4237 1188 4296 aduocabo.
1231 4235 1274 4294 Et
1292 4239 1333 4296 ad

184 4337 305 4412 Apprum
319 4338 457 4396 Pulcrum
478 4347 506 4396 te
526 4336 676 4396 hominem
696 4354 757 4394 non
777 4336 871 4394 solum
892 4335 1054 4411 sapientem
1072 4353 1173 4394 uerum
1188 4336 1275 4395 etiam
1295 4346 1327 4396 ut

185 4455 263 4494 nunc
282 4437 427 4514 loquimur
446 4438 597 4495 urbanum.
640 4434 716 4492 Idem
730 4441 815 4508 putat
834 4453 852 4490 a
870 4432 994 4491 Tereum
1009 4435 1133 4509 premam
1153 4435 1255 4492 dr'ctum
1275 4456 1331 4495 esse
