3074 5066
256 417 314 472 274
656 413 712 472 DE
739 411 998 474 PARTITIONE

254 593 589 672 KatatropaOmpbalos
598 593 839 671 Metakatatropa
861 594 908 656 Ne
919 595 1039 672 singulis
1048 597 1167 672 quidem
1178 597 1306 654 numeris
1314 597 1399 655 deest

252 693 334 769 quod
352 693 499 769 utriusque
518 709 674 752 commune
694 694 739 752 sit.
782 692 861 752 Nam
875 692 998 752 Vseneri
1017 711 1052 764 14
1079 711 1113 764 14
1136 715 1153 764 4
1200 713 1234 752 ra
1261 712 1296 752 ra
1321 715 1337 752 a
1361 713 1399 754 ex

252 789 377 850 aduerso
398 799 475 848 stant
496 788 721 866 Westphalianis
745 809 780 860 14
806 807 841 862 14
865 807 920 864 3o;
949 790 1073 850 Vseneri
1098 801 1215 856 ro†10
1236 803 1306 850 ante
1326 791 1399 867 Epi-

252 887 434 962 logum=18
449 904 538 964 quem
552 905 706 948 numerum
725 889 755 946 in
772 887 878 948 eodem
900 887 967 946 loco
988 897 1103 948 secums
1124 889 1241 948 codices
1261 893 1401 962 σφραγῖδι

251 983 321 1044 lacit
334 982 539 1060 Westphalius.
582 983 668 1044 Haec
687 985 841 1046 doctorum
859 985 987 1044 uirorum
1006 987 1163 1046 consensio
1175 997 1288 1062 quanto
1302 987 1399 1061 magis

251 1081 347 1140 ualeat
368 1081 406 1140 ad
427 1081 612 1158 probandam
633 1083 769 1142 carminis
787 1083 972 1160 partitionem
986 1101 1075 1159 quam
1089 1083 1127 1142 ad
1141 1083 1325 1142 refutandam
1339 1083 1399 1142 dis·

251 1179 400 1256 crepantia
413 1198 475 1240 non
488 1181 627 1257 estquod
640 1197 788 1240 moneam.
833 1179 913 1240 Nihil
926 1181 974 1240 bic
988 1181 1055 1241 dico
1071 1183 1108 1241 de
1130 1199 1179 1240 me
1199 1182 1282 1259 ipso;
1305 1199 1399 1258 quan·

250 1295 340 1356 quam
354 1278 442 1336 etiam
456 1295 555 1337 meum
569 1282 659 1351 σχῆμα
673 1281 710 1338 ab
725 1296 827 1338 eorum
841 1279 995 1356 partitione
1009 1298 1071 1339 non
1084 1280 1208 1338 multum
1223 1280 1327 1338 abesse
1343 1278 1401 1337 nisi

251 1375 301 1434 ubi
324 1393 427 1436 uersus
449 1375 654 1438 interciderunt
672 1393 743 1436 mox
764 1377 983 1438 demonstrabo.
1025 1375 1243 1438 Recenseamus
1264 1377 1402 1436 ordinem
1530 1407 1531 1438 t

250 1490 355 1534 rerum.

292 1647 336 1726 (1)
358 1646 429 1710 Non
442 1667 564 1726 possum
579 1661 675 1710 tacere
689 1651 746 1709 Alli
761 1651 791 1710 in
805 1669 853 1708 me
868 1669 943 1728 quae
958 1650 1064 1708 luerint
1077 1649 1228 1708 beneficia.

292 1759 338 1841 (a)
359 1760 438 1823 Nam
459 1763 529 1822 mihi
552 1765 583 1822 in
604 1765 778 1840 grauissimo
802 1765 903 1824 dolore
924 1764 1096 1842 opitulatum
1120 1764 1208 1834 uenit,
1231 1763 1286 1822 riui
1308 1765 1400 1824 instar

393 1861 535 1920 uiatorem
548 1861 711 1933 reficientis,

293 1973 337 2054 (3)
359 1974 414 2034 Vel
429 1985 532 2034 nautas
551 1975 730 2036 subleuantis
745 1995 841 2046 aurae,
855 1975 926 2036 dum
943 1975 1065 2035 domum
1078 1976 1197 2052 praebet
1210 1975 1241 2033 in
1255 1993 1316 2053 qua
1330 1991 1397 2034 cum

393 2072 500 2132 Lesbia
514 2091 644 2132 amorem
659 2091 834 2133 exercerem.

293 2182 338 2264 (4)
359 2185 445 2258 Quae
460 2187 497 2245 ad
512 2203 560 2244 me
573 2187 654 2244 uenit
668 2186 847 2246 Laudanuae
861 2187 961 2246 similis
974 2205 1042 2247 cum
1058 2187 1096 2246 ad
1108 2185 1259 2246 Protesilai
1274 2185 1397 2244 domum

392 2283 504 2343 ueniret
515 2301 615 2344 amore
625 2283 752 2360 flagrans
766 2294 795 2344 et
808 2285 906 2345 inuitis
914 2281 978 2344 Diis
993 2295 1130 2362 suscepto
1144 2297 1173 2345 et
1186 2302 1257 2344 mox
1268 2283 1397 2360 perituro

393 2383 450 2440 sub
463 2380 562 2440 Troia.

290 2493 336 2576 (5)
358 2495 450 2556 Troia
463 2495 541 2556 enim
555 2495 652 2554 omnis
666 2497 778 2556 uirtutis
792 2498 957 2574 sepulcrum
972 2508 1042 2568 erat,

291 2609 337 2690 (6)
359 2609 447 2670 Nunc
469 2620 567 2670 autem
589 2611 647 2670 mei
668 2609 770 2681 fratris,
791 2611 842 2686 qui
863 2610 903 2668 ibi
924 2610 1106 2686 compositus
1127 2609 1211 2678 iacet,
1234 2625 1303 2666 mea
1324 2623 1397 2666 uero

391 2709 551 2768 commoda
563 2719 657 2768 morte
671 2727 724 2768 sua
737 2710 874 2768 exstinxit
888 2707 996 2768 omnia.

290 2818 336 2898 (7)
351 2819 450 2892 Quam
464 2823 502 2881 ad
517 2823 639 2884 Troiam
653 2843 721 2884 cum
735 2823 857 2884 Graecis
871 2822 1046 2884 Protesilaus
1060 2833 1217 2899 postquam
1230 2821 1332 2890 iuerat,

289 2934 335 3016 (8)
356 2936 403 2996 Ibi
420 2949 590 3016 peremptus
611 2939 789 3000 Laudamiae
814 2957 945 2999 amorem
968 2940 1084 3000 abstulit
1105 2938 1242 2998 barathro
1263 2935 1398 2995 altiorem

390 3037 471 3112 quod
486 3035 629 3096 Hercules
643 3055 735 3114 prope
749 3037 900 3096 Pheneum
915 3036 996 3096 lodit.

287 3146 334 3230 (9)
355 3150 434 3210 Nam
448 3161 477 3210 et
491 3152 538 3210 aui
552 3152 582 3210 in
595 3152 715 3211 unicum
729 3163 869 3228 nepotem
884 3151 1032 3212 caritatem
1050 3159 1081 3208 et
1094 3149 1248 3210 columbae
1270 3149 1301 3206 in
1323 3166 1397 3207 con·

391 3249 489 3325 iugem
504 3250 572 3309 uicit
586 3249 757 3309 Laudamia.

267 3361 333 3442 (ιο)
355 3363 533 3422 Laudamiae
553 3381 615 3422 non
633 3365 716 3439 inpar
737 3364 817 3422 uenit
837 3363 875 3423 ad
896 3381 944 3422 me
958 3362 1074 3422 Lesbia.
1116 3360 1201 3434 Quae
1223 3378 1397 3437 quanquam

389 3461 512 3520 infidelis
533 3461 563 3518 in
583 3477 631 3519 me
646 3460 758 3532 dicitur,
773 3460 844 3520 nolo
865 3461 1018 3537 indignari,
1033 3477 1102 3519 cum
1122 3459 1210 3518 etiam
1226 3458 1304 3517 luno
1319 3456 1397 3516 furta

390 3557 470 3616 Iouis
484 3558 624 3634 patienter
639 3557 718 3616 ierat.

267 3669 332 3750 (rr)
353 3671 394 3730 At
408 3689 463 3730 nec
477 3669 611 3730 homines
625 3689 694 3730 cum
708 3671 771 3732 Diis
786 3689 958 3749 componas,

268 3787 335 3860 (ra)
355 3783 474 3861 [Neque
495 3803 553 3862 ego
573 3785 674 3862 peiora
696 3785 757 3845 aliis
781 3803 847 3844 sum
869 3803 982 3862 passus.
1034 3785 1131 3844 Etiam
1152 3799 1275 3843 uxorem
1296 3782 1395 3842 amisit

389 3885 506 3944 Aeneas
520 3882 668 3944 Protesilai
687 3883 853 3945 interlector
872 3901 939 3943 cum
953 3883 1076 3944 Troiam
1096 3899 1164 3942 cum
1179 3891 1260 3958 patre
1274 3899 1310 3940 ac
1324 3891 1396 3940 nato

389 3977 592 4061 relinquebat]

266 4091 331 4172 (13)
353 4093 420 4170 Ego
434 4113 489 4154 nec
503 4113 625 4154 uxorem
639 4113 694 4154 nec
714 4111 834 4171 prorsus
855 4095 938 4154 amisi
952 4093 1099 4166 Lesbiam,
1115 4103 1237 4170 nuptam
1251 4089 1307 4164 alii,
1322 4089 1396 4152 mihi

387 4201 485 4250 autem
499 4191 648 4254 fauentem
661 4210 732 4269 prae
745 4194 859 4252 ceteris.

267 4297 331 4378 (14)
354 4302 423 4362 Hoc
437 4323 544 4366 munus
558 4307 635 4366 Allio
650 4308 753 4378 tribuo,
769 4325 806 4366 ne
820 4325 930 4367 nomen
944 4308 1006 4367 eius
1020 4325 1152 4386 unquam
1166 4316 1272 4383 pereat.

287 4473 346 4537 Hic
369 4477 439 4538 illud
461 4480 623 4538 notandum
649 4484 804 4559 praecipue
827 4481 908 4559 quod
930 4501 976 4540 res
1000 4500 1059 4559 quo
1083 4483 1186 4540 ordine
1211 4499 1242 4540 se
1265 4481 1394 4538 inuicem
