3136 5060
249 359 309 415 ³20
714 359 927 420 Excvttsvs

250 539 395 602 Patisium
419 561 493 602 saec.
509 541 609 616 Xlll),
634 563 709 603 curn
738 545 856 604 dicere
884 546 1016 604 ebriosi
1044 555 1166 622 posset
1194 545 1291 623 quod
1320 557 1393 604 erat

247 641 419 700 usitatius.
462 639 546 700 lllulti
567 659 585 699 a
606 655 673 718 post
694 641 817 702 literae
838 659 899 702 non
919 642 1035 702 babent.
1077 643 1134 702 His
1152 645 1267 702 indiciis
1286 643 1394 702 ductus

248 739 425 797 credideram
448 737 575 798 Gellium
599 739 637 799 de
657 741 830 800 concinente
850 759 868 799 e
888 759 951 800 non
971 759 990 800 a
1009 741 1125 812 dixisse,
1140 740 1289 801 Catullum
1313 742 1392 798 enim

248 855 315 896 cum
329 839 469 914 potuisset
484 839 608 896 scribere

462 985 507 1044 Vt
528 987 583 1045 lex
605 987 805 1046 Postumiae
827 987 922 1046 iubet
942 989 1129 1064 magistrae

463 1083 604 1144 Ebriosi
626 1086 719 1144 acini
740 1086 948 1145 ebriosioris

247 1245 393 1294 amantem
408 1245 507 1294 tamen
521 1234 615 1294 hiatus
630 1233 782 1294 Homerici
795 1236 967 1294 suauitatem
982 1236 1150 1313 praetulisse

462 1381 507 1441 Vt
527 1383 581 1442 lex
602 1383 803 1442 Postumiae
825 1383 918 1442 iubet
938 1385 1126 1460 magistrae

463 1481 633 1540 Ebriosae
653 1481 776 1541 acinae
797 1483 1012 1541 ebriosioris.

248 1633 317 1694 Hoc
331 1633 356 1692 si
370 1651 471 1692 uerum
484 1646 562 1692 esset
582 1635 793 1694 ebriosioris
814 1635 860 1693 uel
874 1635 1057 1694 accusatiuus
1071 1635 1118 1694 uel
1136 1635 1289 1710 genetiuus
1311 1647 1392 1696 esset

247 1749 342 1810 aquo
364 1732 502 1809 penderet
522 1733 660 1804 acinae;
686 1751 789 1792 sensus
809 1745 907 1790 autem
927 1733 973 1792 hic
994 1733 1139 1802 euaderet,
1154 1739 1206 1792 ‘ut
1219 1732 1391 1794 Postumiae

248 1831 318 1890 ‘lex
342 1831 401 1890 uini
425 1831 530 1888 nimiae
553 1829 648 1888 iubet’
669 1841 718 1890 aut
741 1837 791 1889 ‘ut
814 1829 977 1890 Postumiae
1002 1831 1049 1890 lex
1072 1831 1152 1891 iubet
1175 1833 1235 1890 uini
1260 1833 1389 1894 nimios!

248 1927 306 1988 Pro
336 1929 502 1988 accusatiuo
533 1939 611 1987 certe
639 1929 845 1988 ebriosioris
875 1928 1037 1988 babuenmt
1063 1931 1082 1988 ii
1110 1931 1159 2006 qui
1190 1931 1308 1990 ebrios
1339 1933 1390 1992 uel

246 2031 409 2089 ebriosos
428 2029 459 2087 in
480 2029 572 2105 prima
592 2039 673 2104 parte
693 2047 795 2088 uersus
815 2029 954 2104 legerunt,
972 2039 1001 2088 et
1021 2030 1063 2089 sic
1076 2029 1209 2088 Vossius.
1252 2030 1312 2090 Sed
1333 2034 1389 2092 ob-

247 2143 326 2192 stant
344 2132 409 2190 huic
428 2130 654 2206 interpretationi
667 2149 744 2206 quae
761 2141 896 2188 mcunnu
917 2130 1107 2190 ‘ebriosam
1131 2131 1219 2190 dixit
1241 2143 1391 2208 propter

246 2229 490 2306 ‘insequentis
514 2227 636 2287 literae
660 2227 884 2288 concentum’
901 2231 1108 2304 (exemptum
1129 2229 1210 2305 quod
1229 2230 1336 2305 legitur
1357 2231 1389 2289 in

246 2328 421 2405 quibusdam
438 2325 587 2386 codicibus
600 2325 670 2402 quid
684 2325 752 2384 uelit
766 2343 826 2384 non
846 2325 1004 2400 intellego).
1045 2324 1189 2397 Quamuis
1202 2327 1284 2384 enim
1298 2329 1387 2386 ebri-

246 2444 344 2486 osam
364 2427 475 2486 Gellius
489 2426 615 2502 potuerit
629 2443 682 2500 pro
703 2424 862 2482 ebriosae
883 2441 943 2482 non
958 2425 1054 2481 minus
1067 2441 1155 2500 quam
1170 2441 1223 2500 pro
1242 2426 1386 2484 ebriosa

248 2545 366 2604 ponere,
381 2539 409 2584 at
423 2545 490 2584 cum
510 2537 576 2602 post
596 2525 757 2584 ebriosae
777 2535 912 2600 sequatur
933 2523 1025 2582 acin·
1044 2523 1200 2599 insequens
1221 2525 1303 2584 litera
1323 2543 1385 2584 non

246 2639 342 2702 potest
363 2625 418 2683 alia
438 2641 609 2700 essequam
628 2641 654 2682 a
696 2622 812 2682 Deinde
831 2623 982 2697 genetiuus
1002 2622 1093 2698 qualis
1114 2633 1157 2680 est
1178 2623 1386 2684 ebriosioris

246 2725 369 2783 acinae
390 2723 418 2781 b.
430 2741 454 2781 e.
470 2723 575 2780 nimiae
590 2722 619 2780 in
634 2723 724 2782 acinis
738 2720 868 2780 Catullus
882 2721 998 2798 respuit

287 2821 388 2898 ltaque
413 2821 518 2880 relictis
540 2822 690 2880 codicibus
718 2821 875 2880 uidendum
902 2839 938 2879 ex
961 2819 1134 2896 Vergilianis
1158 2819 1386 2898 Homericisque

246 2921 388 2998 exemplis
407 2921 478 2998 quid
492 2919 603 2980 Gellius
617 2920 728 2979 dixerit
772 2919 808 2977 ln
823 2919 990 2994 Vergiliano
1009 2919 1074 2977 loco
1095 2919 1157 2978 sola
1174 2919 1322 2990 πορὴχησις
1341 2929 1385 2978 est

245 3021 391 3081 literanum
404 3039 425 3080 o
438 3037 458 3078 o
472 3019 502 3078 in
517 3018 574 3078 line
588 3019 674 3078 unius
692 3037 802 3088 uersus,
816 3017 898 3076 initio
919 3017 1034 3076 alterius
1049 3016 1178 3096 (Veseuo
1193 3013 1277 3094 Ora),
1291 3017 1384 3076 idem—

246 3139 303 3198 que
328 3119 450 3178 lortasse
472 3119 559 3178 etiam
585 3119 615 3175 in
636 3116 828 3176 Homericum
851 3115 920 3174 illud
946 3119 1016 3172 nico
1031 3117 1082 3172 dne
1100 3115 1196 3172 ὅθισκε
1214 3119 1275 3170 ποτὶ
1296 3121 1385 3190 λόφω

245 3221 331 3290 cadit,
355 3237 522 3297 quanquam
547 3217 653 3293 duplex
684 3241 729 3272 -ω
754 3235 792 3274 ne
820 3215 914 3292 ipsum
942 3215 1061 3291 quidem
1086 3213 1233 3273 fortuitum
1258 3214 1382 3273 uidetur.

247 3320 306 3380 Sed
327 3321 357 3377 in
378 3317 461 3378 tertio
482 3316 548 3376 loco
563 3315 638 3375 Gelli
651 3316 740 3374 uerba
757 3332 817 3372 non
832 3315 870 3372 ita
884 3314 1087 3372 obstrinxerim
1104 3323 1136 3370 ut
1153 3313 1191 3371 ad
1205 3321 1383 3371 concentum

246 3419 450 3480 tantummodo
469 3435 505 3476 ea
525 3416 646 3476 referam
665 3415 715 3492 qui
733 3425 778 3473 est
796 3415 826 3472 in
843 3417 950 3487 προρέει
963 3412 1054 3478 εἰκυῖα,
1071 3416 1161 3484 ψυχρῇ
1176 3412 1201 3481 ἣ,
1214 3429 1283 3468 nam
1305 3423 1382 3470 uter-

246 3540 303 3599 que
319 3537 409 3580 sonus
422 3531 451 3578 et
465 3543 487 3576 u
501 3530 530 3576 et
544 3541 559 3588 η
574 3535 625 3593 per
639 3525 732 3574 totum
747 3525 890 3590 utumque
903 3530 1020 3570 uersum
1033 3511 1207 3587 producitur,

527 3663 586 3742 qr
600 3667 675 3739 irim
689 3665 761 3736 θὸικῑ
773 3663 879 3736 *roris
893 3660 975 3719 εἰκυῖα
987 3663 1089 3738 roan

527 3759 1085 3840 ixbuiuur'ir’tiiuwvoffle

244 3919 282 3982 ei.
305 3921 394 3980 uerba
418 3919 493 3980 Gelli
521 3923 609 3977 ‘uno
636 3915 764 3994 quippe
791 3913 824 3971 in
852 3913 929 3972 loco
960 3909 1047 3968 tales
1079 3919 1216 3984 tamque
1243 3907 1380 3966 hiantes

245 4021 406 4080 ‘sonitus
427 4020 461 4078 in
481 4017 632 4078 assiduis
652 4015 797 4074 uocibus
819 4011 974 4088 pluribus
996 4007 1097 4080 iacit,’
1118 4008 1223 4083 quibus
1247 4006 1380 4082 proiecto

245 4135 305 4176 non
326 4119 365 4178 ad
385 4131 509 4196 quatuor
529 4127 640 4176 tantunr
660 4111 803 4172 uocabula
824 4108 946 4185 respicit,
961 4107 1013 4166 sed
1034 4106 1071 4164 ad
1090 4129 1112 4160 a
1131 4105 1175 4163 bis
1189 4129 1204 4176 η
1219 4105 1313 4164 series
1335 4123 1379 4164 re-

244 4217 374 4294 petitum.
426 4215 513 4275 lianc
535 4216 575 4274 ob
598 4229 717 4272 causam
740 4227 800 4268 non
822 4206 968 4268 adsentior
989 4203 1120 4280 Hauptio
1140 4203 1247 4279 legenti
1275 4201 1381 4264 Ebria

243 4313 351 4372 acina
404 4315 481 4374 Sane
509 4315 548 4372 ita
576 4311 680 4372 Catulli
708 4327 809 4368 uersus
837 4305 1001 4365 Homericis
1028 4301 1257 4378 Vergilianisque
1284 4305 1379 4379 magis

243 4423 350 4474 starent
374 4415 402 4470 ἐκ
426 4413 716 4488 :optritae-(utor
738 4408 834 4468 uerbis
857 4405 961 4465 Eduini
986 4403 1108 4462 Palmeri
1131 4399 1309 4460 Balliolensis
1332 4401 1379 4460 cui
