3136 5060
260 373 319 430 880
721 367 934 428 EXCVRSVS

258 553 350 626 Quod
372 553 463 630 potuit
487 570 558 612 sane
580 571 598 612 2
619 550 749 612 2022122212
771 569 823 629 per
844 551 990 610 librarium
1009 549 1033 612 C
1049 550 1077 610 G
1098 551 1172 622 oriri,
1193 550 1289 627 potuit
1311 551 1400 608 etiam

258 651 411 727 uestigium
435 669 501 710 esse
524 650 695 728 antiquioris
719 650 884 728 scripturae,
907 649 1059 726 quomodo
1087 650 1170 709 tradit
1197 649 1305 708 Festus
1333 667 1358 706 s.
1372 667 1402 706 u

259 751 437 827 Prodigia.
487 750 629 827 Prodrgria
649 749 724 826 quod
734 749 901 825 praedicunt
906 749 1020 827 sulam
1035 752 1234 824 permutatione
1247 769 1274 824 g
1295 749 1403 820 literae,

258 869 322 908 2222
336 867 404 926 quae
416 869 489 908 marc
502 869 517 906 c
529 847 692 924 appellatur,
706 847 741 906 21
754 847 875 922 22129222
883 865 907 923 g
920 846 1079 906 mabam.
1118 847 1167 906 Ad
1181 845 1287 906 Catulli
1301 846 1403 905 locum

257 948 400 1026 pertinent
420 949 508 1008 etiam
528 946 609 1006 haee
638 945 717 1004 Paul.
735 945 817 1004 Diae.
838 962 866 1021 p.
884 959 941 1018 225
957 943 998 1003 M.
1040 944 1193 1004 Proatant
1208 947 1402 1020 proueniant,

256 1047 293 1105 ib.
308 1065 336 1122 p.
350 1049 408 1118 248
423 1045 576 1106 Proculeio
593 1051 750 1120 prouocato.
793 1043 857 1102 Iam
882 1061 990 1120 proca
1013 1044 1146 1114 scribere,
1170 1060 1277 1126 porca
1303 1043 1403 1102 dicere

257 1145 350 1222 potuit
364 1145 495 1206 Catullus
508 1144 613 1204 eodem
627 1143 720 1202 modo
733 1160 794 1219 quo
808 1141 964 1202 Crotona
978 1153 1006 1200 et
1019 1141 1175 1202 Cortona
1194 1141 1403 1202 crocodilus

256 1252 286 1303 et
313 1243 517 1303 cordodilus
546 1241 679 1314 (Phaedr.
701 1241 725 1300 I.
742 1245 793 1314 25)
822 1241 991 1318 trapezita
1019 1251 1048 1300 et
1074 1242 1243 1317 tarpezita
1271 1240 1404 1300 Trasu-

256 1360 376 1401 menus
404 1351 433 1400 et
460 1340 698 1400 Tarsumenns
731 1339 848 1414 (Quint
874 1338 949 1412 1.5.
974 1343 1047 1414 113)
1083 1341 1236 1416 scripula
1271 1339 1403 1412 (Veron.

256 1439 435 1517 Palimpsest
464 1439 536 1498 Plin.
564 1438 604 1496 H.
629 1437 667 1498 N.
696 1437 780 1496 XIII.
802 1457 849 1510 41,
878 1437 962 1498 XIV.
985 1441 1037 1510 82)
1073 1437 1228 1514 scirpula
1262 1437 1405 1514 leguntur
1528 1483 1530 1488 .

257 1537 400 1612 (Corssen
410 1537 588 1614 Aassprachae
605 1536 777 1596 Vokalaeimus
788 1535 850 1594 221
858 1535 1005 1614 Betonang
1018 1537 1068 1594 der
1080 1535 1146 1595 Lat.
1161 1535 1287 1612 Sprachc
1301 1537 1326 1595 I.
1337 1539 1403 1612 92).

256 1637 294 1698 Et
314 1656 446 1716 porcax
465 1637 585 1714 quidem
605 1653 659 1713 pro
680 1653 812 1712 procax
833 1635 984 1712 posteriori
1004 1645 1136 1712 tempore
1154 1635 1294 1711 scriptum
1309 1634 1403 1695 fuisse

255 1734 609 1796 testaturDielenbachius
622 1733 1067 1812 inSupplementoDucangiani
1076 1733 1268 1792 Vocabularii.
1307 1733 1404 1792 Simili

255 1833 348 1896 modo
369 1841 517 1892 mutantur
537 1833 610 1890 inter
631 1849 663 1891 se
684 1832 714 1889 in
734 1830 838 1890 eadem
859 1831 1046 1908 inscriptione
1069 1829 1221 1902 (Momms.
1236 1829 1271 1889 C.
1284 1830 1311 1888 I.
1326 1829 1360 1888 1.
1376 1830 1403 1890 1.

259 1935 329 2010 299)
365 1931 570 2000 Porcobera,
600 1927 798 1990 Procobera
825 1929 876 2006 qui
903 1928 1008 1988 fluuius
1031 1947 1050 1987 a
1073 1927 1178 1987 Genua
1202 1928 1315 1988 distans
1340 1927 1403 1988 duo

255 2031 334 2089 milia
348 2047 488 2108 passuum
501 2047 520 2088 a
533 2027 627 2088 Plinio
641 2028 682 2087 H.
698 2025 736 2086 N.
750 2027 806 2088 111.
823 2031 861 2100 48
883 2025 1073 2098 Porcifera,
1096 2027 1182 2086 hodie
1205 2025 1404 2087 Polcenera

256 2130 366 2189 dicitur.
408 2127 454 2187 Cl.
475 2127 629 2205 pergula,
653 2127 799 2204 pregula
820 2125 974 2200 (Ribbeck.
996 2127 1026 2184 in
1045 2125 1219 2184 Iahnllnn
1241 2124 1401 2184 LXXVII.

260 2231 329 2302 292)
353 2225 553 2304 porcillaca,
581 2225 774 2302 procillaca
799 2225 853 2296 (sic
879 2223 967 2283 habet
988 2225 1052 2284 cod.
1074 2221 1237 2284 Vossianus
1261 2224 1402 2301 antiquus

255 2325 329 2384 Plini
344 2323 384 2382 H.
400 2322 439 2384 N.
454 2322 538 2383 XIII.
555 2325 634 2398 rao).

611 2565 850 2626 ADDENDVM
878 2566 917 2626 ad
941 2565 1038 2625 LXII.

297 2726 321 2766 1.
344 2707 442 2768 Huius
466 2725 567 2766 uersus
591 2707 704 2768 initium
727 2708 863 2784 Vesper
885 2707 985 2767 adest
1006 2705 1401 2784 RiesiusputataVarrone

252 2806 372 2866 citatum
389 2805 423 2864 1.
437 2803 551 2864 LVII.
568 2819 607 2879 50
628 2804 779 2883 Vesperugo
794 2806 872 2865 stella
892 2825 961 2882 quae
981 2815 1089 2881 uespere
1107 2805 1209 2876 ort'tur,
1226 2823 1246 2861 a
1266 2823 1320 2881 quo
1340 2825 1402 2863 eam

254 2902 363 2978 Opilr'm
382 2903 483 2963 scribit
508 2902 675 2980 Papam,-
703 2906 794 2982 alaprie
815 2905 920 2963 dicitur
946 2904 1087 2962 alterum:
1114 2903 1246 2979 Vesper
1275 2904 1375 2962 adest
1390 2924 1401 2977 ;

250 3021 328 3080 9222
354 3004 450 3061 datan
476 3001 583 3062 Graeci
606 3008 771 3078 Διεπίριον.
826 3002 917 3076 Quod
941 3004 966 3061 si
990 3020 1058 3090 uere
1083 3002 1229 3074 intellexit,
1254 3003 1329 3062 haec
1353 3013 1402 3061 est

252 3101 482 3162 Catullianorum
509 3101 671 3162 carminum
698 3101 792 3180 prima
818 3120 894 3180 quae
921 3101 1040 3179 quidem
1072 3101 1110 3160 ad
1143 3117 1198 3160 nos
1231 3102 1400 3177 peruenerit

252 3199 372 3260 mentio
1344 3196 1347 3204 ’

294 3332 322 3390 6.
364 3329 527 3400 Cernitis,
547 3330 724 3406 innuptae,
744 3329 912 3388 iuuenes?
940 3327 1143 3404 consurgite
1163 3336 1294 3388 contra

293 3451 472 3513 Thoanaeus
486 3452 573 3510 habet
593 3451 758 3526 consurgi
779 3462 922 3512 eretera
954 3449 1034 3510 Hine
1048 3449 1072 3510 l.
1084 3449 1194 3508 Mowat
1208 3449 1399 3510 scribendum

252 3562 353 3612 censet
381 3551 513 3621 Cernetis,
538 3551 675 3624 eirmcptae,
703 3551 812 3608 tiermes
838 3567 1053 3625 consurgere
1079 3552 1200 3606 2221221
1248 3548 1398 3626 Scriptum

252 3714 344 3775 luerat
365 3645 643 3776 CONSVRGCIITIC
663 3699 755 3774 ΟῙᾸ.

624 3942 825 4003 ADDENDA
853 3943 891 4002 ad
918 3941 1030 4003 LXIII.

293 4109 320 4166 5.
436 4091 605 4154 Deuoluit
623 4093 669 4154 ile
690 4101 793 4152 acuto
814 4091 881 4151 sibi
903 4091 1057 4167 pondere
1078 4091 1198 4151 silicis.

292 4213 414 4275 Videtur
436 4219 481 4277 ile
505 4219 589 4278 simili
614 4219 705 4278 modo
730 4217 837 4277 dixisse
859 4216 989 4276 Catullus
1010 4235 1070 4294 quo
1091 4217 1209 4292 palear
1231 4215 1344 4276 Seneca
1366 4219 1395 4275 in

252 4313 414 4389 Hippolyto
433 4318 614 4394 104⁴,quod
632 4317 710 4378 haud
730 4317 791 4376 scio
812 4335 850 4376 an
871 4335 995 4394 usquam
1017 4315 1087 4376 alias
1108 4315 1263 4392 reperiatur
1283 4317 1315 4376 in
1336 4316 1397 4376 sin-

251 4410 341 4486 gulari
356 4413 491 4485 positum.
