3074 5066
247 375 305 432 264
649 375 705 434 DE
734 376 995 438 PARTITIONE

247 565 418 616 conuertunt
433 557 463 616 in
475 558 509 622 β’
523 557 561 618 ad
575 560 719 630 maritum,
734 561 764 618 in
777 585 797 634 γ
810 559 848 620 ad
862 569 994 637 nuptam.
1041 559 1156 620 Harum
1170 561 1258 620 trium
1272 562 1396 637 partium

246 654 374 730 singulas
394 655 528 730 strophas
548 657 655 715 claudit
672 660 822 732 ἐπίφθεγμα
840 659 887 718 uel
906 658 1042 731 ἐφύμνιον,
1056 659 1087 717 in
1106 659 1300 726 aerumnae
1318 678 1396 718 maes

246 751 290 822 da,
305 753 336 809 in
348 753 382 816 β’
396 763 425 810 et
438 777 457 826 γ
470 751 504 810 Io
517 754 628 829 Hymen
643 755 798 832 Hymenaee
811 759 837 813 r'a
850 755 885 814 Io
898 757 1008 830 Hymen
1021 755 1183 833 Hymenaee
1256 803 1262 812 .

289 848 347 908 Sed
366 849 465 908 incidit
484 849 530 909 bic
548 855 680 928 quaestio
695 853 878 912 Fescennina
893 873 920 913 u
937 858 1022 928 (158)
1039 855 1228 914 terminentur
1245 873 1284 912 an
1301 855 1395 927 (143).

247 945 325 1006 Nam
340 965 357 1004 a
370 966 457 1006 uersu
473 952 557 1024 (¹43)
574 951 670 1008 minus
689 952 790 1010 iocosa
810 952 954 1010 inducitur
974 969 1029 1012 nec
1044 963 1104 1010 tam
1118 952 1312 1010 Fasceuniuis
1326 969 1397 1010 con·

245 1045 366 1104 ueniens
386 1045 512 1119 locuti0;
535 1057 596 1104 tum
614 1045 756 1124 Transfer
768 1050 855 1106 emme
867 1067 928 1106 nem
943 1049 1008 1108 dono
1023 1047 1108 1128 (159)
1125 1067 1187 1108 non
1201 1049 1277 1108 adeo
1300 1051 1396 1107 seiun-

246 1153 353 1218 guntur
366 1161 384 1201 a
397 1143 638 1218 praecedentibus
651 1155 683 1203 ut
698 1164 759 1204 non
773 1147 905 1205 eiusdem
922 1148 1011 1223 partis
1028 1148 1141 1222 possint
1154 1165 1228 1206 esse.
1270 1145 1318 1204 Ita
1339 1147 1396 1204 dis·

246 1241 430 1300 tribuendum
445 1241 518 1300 soret
533 1242 654 1300 alterum
669 1243 820 1302 dimidium
835 1245 865 1302 in
880 1247 1009 1320 6.9.9;
1028 1245 1109 1320 quod
1122 1263 1293 1321 quanquam
1308 1245 1397 1320 priori

245 1338 285 1396 illi
300 1357 317 1412 9
328 1383 334 1397 .
346 1341 363 1396 6
374 1383 380 1398 .
392 1359 409 1413 9
425 1341 521 1398 minus
535 1341 792 1400 accommodatum
807 1351 859 1412 est,
872 1342 941 1402 satis
957 1360 988 1400 se
1002 1351 1101 1400 tamen
1112 1343 1266 1415 συμμέτρως
1276 1341 1397 1400 haberet

246 1436 332 1494 sires
353 1436 415 1512 ipsa
429 1435 458 1494 id
473 1454 578 1512 cogere
591 1435 745 1494 uideretur.
789 1435 848 1495 Sed
869 1455 937 1496 cum
960 1445 1023 1496 toto
1044 1439 1172 1496 carmine
1194 1440 1277 1514 quasi
1300 1417 1426 1496 sabula¹

246 1533 391 1608 quaedam
405 1543 514 1609 agatur,
529 1535 648 1610 quaein
663 1552 732 1592 suos
746 1543 829 1592 actus
844 1535 957 1610 digesta
970 1535 1015 1606 sit,
1030 1535 1151 1610 singulis
1169 1547 1269 1594 autem
1283 1537 1398 1595 actibus

247 1648 316 1690 suus
337 1632 419 1689 locus
440 1631 531 1702 detur,
546 1630 641 1707 primo
662 1642 729 1690 ante
751 1631 874 1690 domtun
892 1643 1008 1708 nuptae,
1030 1632 1161 1691 secundo
1183 1634 1213 1690 in
1234 1633 1339 1690 itinere
1360 1633 1397 1690 ad

246 1728 340 1786 mariti
352 1729 482 1799 domum,
493 1729 578 1787 tertio
592 1737 673 1787 extra
686 1746 761 1798 eam,
773 1739 876 1805 quarto
890 1730 980 1800 intra;
1002 1739 1035 1788 ut
1047 1747 1134 1788 uersu
1148 1733 1235 1803 (158)
1248 1739 1354 1787 cantus
1367 1732 1397 1788 in

246 1825 346 1884 itinere
367 1826 471 1898 finitur,
486 1827 525 1885 ita
538 1827 643 1884 eodem
657 1845 744 1884 uersu
762 1837 860 1884 actum
877 1826 1009 1885 desinere
1023 1828 1085 1886 siue
1099 1827 1194 1885 mauis
1208 1828 1397 1902 partitionem

246 1923 400 1982 uerisimile
425 1933 477 1982 est.
533 1922 610 1981 Nam
635 1923 699 1999 ipsa
726 1924 817 1982 uerba
844 1922 984 2000 Transfer
1007 1925 1093 1980 amrne
1119 1941 1181 1980 eum
1205 1923 1273 1979 dena
1296 1922 1397 1980 Lmen

246 2022 369 2078 aureolos
375 2020 453 2094 pedes
463 2017 543 2098 (159,
558 2018 626 2097 160)
636 2021 788 2078 transitum
802 2021 930 2079 indicant
944 2021 982 2079 ad
996 2039 1082 2079 noua
1124 2019 1240 2078 Deinde
1252 2038 1301 2078 uu
1310 2022 1395 2093 (144)

245 2121 353 2191 -(158)
365 2119 474 2177 locutio
484 2119 581 2178 minus
595 2118 643 2178 illa
656 2117 774 2194 quidem
784 2135 895 2193 procax
906 2119 1016 2188 ceteris,
1029 2119 1098 2176 satis
1112 2127 1211 2176 tamen
1226 2117 1353 2192 simplex
1365 2129 1397 2174 ut

246 2213 429 2274 Fascennina
447 2217 491 2286 sit,
506 2217 676 2292 pracsertim
694 2216 732 2274 ad
748 2225 869 2292 nuptam
890 2217 949 2274 iam
970 2217 1119 2274 conuersis
1139 2215 1245 2291 pueris,
1262 2233 1324 2273 non
1339 2217 1395 2272 iam

245 2312 283 2370 ad
308 2315 451 2372 maritum.
503 2313 588 2372 Certe
610 2332 671 2372 non
693 2313 816 2372 multum
841 2331 859 2370 a
881 2314 1051 2389 quotidiano
1074 2331 1211 2372 sermone
1236 2313 1395 2372 abhorrent

245 2409 293 2468 illa
307 2409 355 2468 Ni
366 2413 479 2486 pellium
498 2411 611 2469 altiende
625 2418 671 2468 eal
683 2409 777 2490 (146),
792 2414 883 2468 amaea
900 2411 1024 2469 omm'bus
1037 2413 1140 2469 anmelt
1152 2410 1246 2490 (156).
1290 2409 1394 2486 Neque

245 2525 263 2566 a
277 2508 408 2568 uersibus
424 2511 627 2584 (139)-(143).

611 2622 722 2682 Scimus
735 2623 800 2681 leaec
813 2623 945 2698 aliquae
958 2623 1039 2680 le'cenl

610 2719 678 2779 Sola
691 2723 807 2796 cognita,
821 2720 871 2778 sed
880 2723 980 2778 manto

610 2817 672 2876 Isla
687 2836 741 2875 non
754 2819 842 2876 eadem
856 2819 945 2876 lt'cenl.

610 2915 644 2972 Io
657 2916 768 2991 Hymen
782 2915 938 2992 Hymenaee
952 2915 985 2986 lo,

649 3012 684 3070 Io
697 3014 808 3090 Hymen
823 3013 985 3089 Hymenaee.

243 3145 304 3204 iure
318 3154 442 3222 possunt
456 3145 569 3221 seiungi
585 3148 666 3217 (144,
680 3149 710 3218 5)
726 3143 825 3220 Nupla
839 3153 870 3202 lu
884 3161 1002 3221 quoque
1016 3161 1084 3218 quae
1097 3147 1162 3199 laus
1178 3139 1229 3197 Vir
1236 3147 1316 3216 peter,
1331 3161 1394 3199 caue

243 3263 276 3300 ne
289 3262 375 3319 neges.

286 3340 439 3399 Habemus
461 3339 575 3398 alterius
595 3339 706 3398 dimidii
731 3349 828 3415 partes
850 3339 974 3413 primam
994 3337 1185 3412 tertiamque;
1214 3345 1325 3394 restant
1346 3353 1391 3395 uu

245 3441 450 3514 (159)-(183),
465 3439 515 3515 qui
535 3448 566 3497 ut
588 3438 684 3496 media
703 3438 806 3513 prioris
821 3436 932 3495 dimidii
945 3453 1021 3511 pars,
1036 3435 1075 3492 ita
1092 3434 1147 3510 ipsi
1165 3435 1287 3504 μεσωδὸν
1300 3452 1391 3510 quen·

244 3537 312 3595 dam
333 3535 449 3594 iaciunt.
493 3535 552 3594 Sed
572 3537 651 3612 prior
670 3537 790 3606 μεσωδὸν
809 3553 861 3593 sex
883 3533 1009 3610 strophis
1029 3541 1160 3604 constat;
1182 3530 1267 3590 huius
1290 3550 1390 3608 super-

244 3643 310 3692 sunt
337 3635 456 3710 quidem
484 3633 687 3692 tantummodo
716 3633 865 3708 quinque:
901 3632 954 3690 sed
983 3630 1113 3706 potuisse
1140 3647 1231 3686 unam
1258 3630 1390 3687 excidere

243 3731 333 3790 multa
362 3732 509 3802 indicant;
545 3732 675 3790 turbatus
703 3730 777 3789 ordo
805 3747 867 3787 non
895 3729 981 3805 longe
1009 3726 1178 3785 distantium
1206 3727 1389 3802 stropharum

243 3826 448 3905 (189)-(198)‚
468 3831 574 3888 amissa
595 3829 705 3905 syllaba
726 3829 756 3886 in
777 3827 858 3885 initio
882 3827 977 3900 (179),
1002 3825 1102 3884 nescio
1126 3823 1197 3899 quid
1221 3824 1337 3898 abrupti
1361 3824 1390 3879 in

242 3944 383 3986 sermone.
426 3927 505 3985 Nam
525 3937 592 4004 post
611 3937 669 3986 tres
690 3925 834 4001 strophas,
849 3942 973 4001 quarum
994 3924 1023 3980 in
1045 3923 1139 3998 prima
1153 3931 1275 3997 nuptam
1290 3921 1389 3978 iubent

242 4021 364 4082 domum
385 4025 480 4084 subire
499 4025 601 4096 mariti,
618 4025 648 4082 in
669 4023 758 4080 altera
780 4023 920 4097 tertiaque
942 4019 1132 4095 contemplari
1153 4019 1249 4094 ipsum
1272 4027 1305 4074 ut
1327 4025 1388 4074 toto

241 4119 339 4178 animo
353 4121 384 4178 in
399 4139 430 4180 se
444 4131 637 4190 conuertatur,
652 4128 770 4196 repente
785 4127 921 4176 secuntur
934 4117 1007 4176 haec

605 4265 690 4324 Mille
703 4265 872 4323 brachialum
886 4269 964 4334 leres,

605 4365 788 4423 Praelexlale
795 4362 939 4438 puellulae.

605 4461 669 4519 Iam
683 4462 768 4520 cubile
781 4461 882 4518 adeon!
893 4461 959 4517 ur'rl.
