3136 5060
255 411 315 470 276
663 409 718 469 DE
744 407 1004 470 PARTITIONE

250 605 313 666 ,ποτ
419 589 500 668 Ergo
513 609 578 668 age,
593 607 660 650 care
675 601 765 667 pater,
780 591 886 652 ceruici
901 591 1043 668 inponere
1057 601 1184 662 nostrae,
1219 589 1222 596 ’
1304 589 1308 596 ’

418 689 486 766 Ipse
501 690 606 748 subibo
620 691 737 762 umeris,
752 709 798 748 nec
811 709 852 748 me
864 690 945 748 tator
957 693 1007 748 rite
1014 691 1159 766 granolet.

257 817 316 878 723
419 801 587 878 Succedoque
599 805 685 862 oneri.
727 803 859 862 Dextrae
872 823 904 863 se
919 821 1026 879 paruus
1041 804 1121 864 lulus

418 900 555 978 Inplicuit
569 901 757 978 sequiturque
772 910 884 978 patrem
898 917 961 960 non
974 903 1109 978 passibus
1123 901 1233 978 aequis.

258 1027 317 1088 7²⁹
644 1015 749 1090 pariter
761 1011 919 1092 comitique
933 1016 1060 1090 onerr'qru
1073 1015 1220 1073 timebam.

259 1129 347 1205 7456
420 1126 519 1202 Quem
533 1145 594 1187 non
608 1129 740 1188 incusaui
753 1139 856 1188 amens
870 1129 1082 1204 hominumque
1096 1127 1309 1204 Deorumquel

420 1227 479 1285 Aut
493 1227 563 1302 quid
578 1228 607 1296 in
622 1245 725 1286 euersa
738 1226 797 1286 uidi
812 1226 957 1285 crudelius
971 1227 1062 1284 urbe?

258 1342 316 1410 80⁴
340 1377 344 1384 v
420 1338 514 1411 Cessi
528 1351 557 1400 ct
570 1341 676 1399 sublato
690 1350 821 1400 montem
836 1341 968 1416 genitore
983 1340 1080 1415 petiui.

299 1552 411 1614 Nexus·
423 1553 479 1614 loci
494 1554 557 1614 talis
574 1555 668 1632 potuit
681 1571 754 1614 esse.
798 1553 942 1614 ‘Ferendi
963 1564 1031 1614 sunt
1051 1553 1121 1612 mibi
1135 1551 1260 1613 Lesbiae
1281 1555 1313 1614 in
1335 1555 1412 1615 ulios

258 1657 405 1722 ‘amorem
419 1669 488 1712 cum
503 1651 579 1710 luno
592 1650 674 1711 Iouis
687 1651 763 1712 furta
775 1651 917 1728 patienter
931 1651 1013 1710 ierat.
1053 1654 1095 1710 At
1109 1669 1164 1710 nec
1180 1651 1319 1712 homines
1340 1669 1411 1711 cum

258 1753 266 1780 ⁴
282 1747 354 1820 Diis,
369 1766 424 1808 nec
442 1766 511 1808 cum
524 1749 639 1808 Iunone
654 1747 785 1808 Catullus
799 1749 1016 1826 comparandus
1033 1759 1085 1808 est
1128 1748 1295 1808 Hominum
1310 1750 1411 1824 potius

260 1845 388 1906 ‘seciam
401 1863 450 1904 me
464 1863 573 1923 parem.
615 1845 682 1921 Ego
697 1846 835 1906 Lesbiam
856 1847 941 1906 amisi
961 1847 1016 1906 sed
1036 1864 1092 1905 nec
1112 1846 1236 1905 omnino
1258 1865 1315 1906 nec
1337 1863 1411 1906 con·

259 1950 267 1976 ‘
282 1945 397 2020 iugem:
419 1943 544 2014 Aeneas,
555 1943 679 2002 Veneris
693 1943 778 2015 filius,
793 1953 822 2002 et
835 1945 993 2020 coniugem
1007 1955 1037 2003 et
1051 1944 1182 2013 omnino,
1192 1961 1254 2020 quo
1266 1954 1411 2020 tempore,

257 2045 267 2098 .‘
282 2041 381 2100 matris
401 2041 490 2109 iussu,
504 2051 585 2116 patre
607 2041 636 2098 in
650 2059 769 2101 umeros
788 2040 903 2100 sublato
917 2050 946 2100 et
960 2042 1119 2102 Ascanium
1133 2041 1236 2100 dextra
1249 2041 1411 2112 deducens,

260 2143 392 2198 ‘nouam
414 2137 535 2197 domurn
556 2136 655 2214 petiit!
697 2138 800 2214 ltaque
818 2155 846 2196 ιι.
863 2136 949 2216 (1⁴²)
964 2149 1013 2197 aut
1034 2139 1181 2197 aVenere
1203 2138 1315 2197 dictum
1337 2149 1410 2214 puto

257 2245 309 2294 aut
343 2235 382 2293 ab
415 2236 479 2312 ipsa
506 2233 625 2307 Creusa,
653 2235 903 2313 quemadmodum
934 2235 1008 2296 haec
1035 2236 1066 2294 in
1091 2235 1169 2295 Aen.
1194 2235 1234 2293 11.
1264 2237 1409 2310 673-679

259 2333 403 2398 inducitur

424 2497 501 2558 Ecce
517 2509 614 2559 autem
628 2499 784 2576 complexa
797 2499 888 2576 pedes
902 2499 932 2556 in
946 2497 1045 2558 limine
1059 2498 1166 2557 coniux

423 2595 581 2666 Haerebat,
596 2613 777 2674 paruumque
790 2579 867 2675 patri
879 2596 1016 2656 tendebat
1030 2594 1135 2655 lulum.

424 2689 455 2750 Si
469 2693 612 2768 periturus
625 2695 697 2766 abis,
713 2704 742 2753 et
755 2711 811 2754 nos
826 2712 896 2770 repe
910 2694 940 2752 in
954 2693 1055 2752 omnia
1068 2705 1182 2763 tecum;

425 2787 476 2848 Sin
491 2791 617 2866 aliquam
632 2803 768 2869 expertus
782 2793 906 2868 sumptis
920 2809 1004 2868 spem
1018 2789 1105 2868 ponis
1119 2792 1149 2849 in
1163 2791 1250 2848 armis

424 2886 512 2947 Hanc
527 2889 652 2966 primum
667 2901 759 2949 tutare
773 2889 903 2949 domurn.
945 2888 1001 2948 Cui
1016 2906 1123 2965 paruus
1137 2887 1226 2956 Iulus,

424 2983 480 3044 Cui
495 2996 585 3061 pater,
599 2993 630 3046 et*
641 2987 749 3046 coniux
764 2987 915 3063 quondam
929 2997 979 3046 tua
992 2987 1069 3046 dicta
1082 2985 1250 3062 relinquor?

262 3189 330 3251 Dixi
351 3191 382 3252 in
397 3191 618 3272 Prolegomcnis
638 3211 674 3254 ex
696 3195 854 3272 archetypo
874 3193 1040 3255 octodecim
1061 3211 1164 3253 uersus
1184 3209 1286 3252 erasos
1308 3192 1409 3252 uideri.

263 3289 330 3350 Hos
344 3308 406 3350 non
420 3303 487 3352 ante
501 3291 629 3353 diuidere
643 3293 803 3368 poterimus
816 3310 906 3370 quam
923 3309 1062 3352 uersuum
1079 3308 1233 3350 numerum
1254 3291 1285 3348 in
1305 3292 1410 3350 ceteris

263 3390 393 3468 partibus
416 3389 628 3468 collegerimus.
669 3389 708 3448 Et
731 3407 779 3448 uu
803 3405 881 3462 ι-4ο
904 3391 962 3449 iam
987 3389 1114 3448 uidimus
1138 3389 1168 3447 in
1194 3405 1229 3460 14
1255 3406 1290 3446 12
1318 3407 1354 3460 ι4
1379 3405 1411 3448 sc

262 3487 403 3559 scindere,
416 3489 495 3547 unde
509 3488 565 3548 bos
579 3505 717 3548 numeros
731 3488 762 3546 in
776 3486 887 3565 reliquo
901 3487 1032 3546 carmine
1045 3485 1170 3546 ualuisse
1184 3503 1301 3545 censeo.

303 3583 436 3644 Medium
457 3585 592 3646 carminis
616 3584 735 3656 iaciunt,
756 3595 788 3644 ut
812 3585 880 3656 dixi,
901 3603 1004 3646 uersus
1024 3584 1062 3643 de
1086 3582 1180 3642 fratris
1204 3593 1299 3642 morte
1321 3580 1411 3661 (91)-

263 3685 360 3758 (100).
392 3683 460 3742 Hos
474 3683 636 3759 pracedunt
649 3693 679 3743 et
693 3693 829 3743 secunurr
842 3700 944 3742 uersus
959 3683 997 3742 de
1011 3681 1104 3741 Troia
1117 3681 1258 3758 quaterni.
1292 3679 1409 3738 Harum

263 3783 385 3840 duarum
405 3788 552 3854 περικοπὸν
572 3781 699 3857 priorem
717 3778 870 3858 (87)-(90)
891 3781 1070 3856 praecedunt
1088 3796 1122 3851 14
1138 3797 1240 3838 uersus
1255 3775 1409 3856 (73)-(86)

262 3877 300 3940 de
317 3877 478 3936 Laudamia
499 3876 554 3955 (sic
568 3878 717 3937 Vsenerus
735 3877 931 3954 Westphalius
952 3873 1039 3954 eg'o);
1061 3875 1169 3935 deinde
1192 3893 1227 3934 τι
1251 3874 1288 3934 de
1302 3873 1411 3934 Lesbia

264 3973 380 4034 Catullo
394 3975 480 4046 Allio,
495 3993 570 4051 quos
589 3994 656 4034 curn
670 3973 805 4034 Vsenero
824 3975 854 4034 in
875 3992 909 4033 ra
930 3993 966 4034 ro
985 3975 1048 4050 ipse
1066 3973 1231 4044 diuiseram‚
1250 3990 1286 4030 ro
1305 3990 1324 4030 a
1343 3971 1411 4051 (63)

263 4072 301 4130 ad
316 4069 391 4151 (73),
410 4091 444 4131 ra
467 4089 485 4130 a
502 4069 568 4150 (51)
590 4073 628 4132 ad
643 4069 725 4150 (62);
747 4089 800 4132 eos
814 4072 990 4131 antecedunt
1009 4073 1040 4129 in
1057 4069 1209 4130 codicibus
1228 4086 1356 4140 nouem;
1378 4079 1412 4128 ut

263 4167 398 4229 Vsenero
422 4169 603 4246 Westphalio
632 4171 776 4248 plerisque
800 4170 904 4248 placet,
929 4170 1050 4241 decem;
1082 4179 1114 4227 ut
1136 4167 1216 4240 mihi,
1241 4168 1407 4255 duodecim

262 4265 362 4325 Plures
382 4267 461 4324 enim
482 4284 542 4326 uno
563 4285 649 4328 uersu
669 4269 811 4328 excidisse
832 4268 900 4328 inde
917 4267 1025 4344 colligo
1044 4266 1125 4344 quod
1139 4266 1269 4342 plerique
1290 4265 1409 4324 codices

261 4365 370 4424 babent
390 4362 447 4422 hoc
468 4361 535 4422 loco
555 4364 602 4423 uel
617 4367 682 4441 defit
700 4365 746 4425 uel
768 4365 863 4441 deficit,
879 4365 960 4441 quod
974 4383 1036 4424 non
1055 4363 1152 4423 solent
1166 4363 1206 4421 ibi
1227 4379 1338 4438 ponere
1359 4361 1409 4420 ubi

262 4478 337 4521 unus
362 4469 474 4519 tantum
497 4477 597 4518 uersus
623 4463 745 4536 perierit.
798 4459 912 4520 Deinde
934 4461 1037 4522 melius
1062 4461 1103 4520 sic
1127 4469 1289 4536 aequantur
1313 4467 1408 4534 partes
