3146 5046
566 407 925 470 PROLEGOMENA.
1227 409 1316 469 xxxiii

166 591 273 668 plicem
302 593 365 652 siue
392 610 446 669 per
474 593 556 652 binas
584 593 736 654 columnas
764 594 952 672 duplicatum.
1005 591 1079 652 Mox
1104 610 1157 669 pro
1186 594 1220 651 1⁶
1246 592 1317 652 liber

166 690 276 750 alterne
290 709 344 767 per
362 694 397 750 16
412 701 441 750 et
459 705 494 766 17
510 693 632 768 scriptus
646 703 707 764 est;
729 701 758 754 et
777 693 853 752 hanc
871 685 1101 751 numerationem
1121 691 1209 751 credo
1229 692 1260 750 in
1280 709 1316 751 eo

166 785 256 846 fulsse
275 789 388 860 codice,
401 790 481 848 unde
499 788 678 850 Thuanaeus
699 791 737 849 ab
758 791 847 849 altera
867 800 956 865 parte,
976 791 1014 849 ab
1035 789 1124 849 altera
1137 790 1317 849 Veronensis

166 884 376 960 profluxerunt.
419 885 487 946 Hos
501 887 579 946 enlm
593 906 654 946 non
668 890 708 946 ab
722 889 787 964 ipso
801 889 905 947 ductos
923 887 1012 946 fuisse
1032 887 1189 964 archetypo
1209 888 1318 946 docent

164 983 197 1040 in
211 984 352 1042 omnibus
366 985 465 1042 amissi
479 1003 579 1044 uersus
599 995 666 1061 post
682 984 779 1043 LXII.
796 1003 843 1059 32.
887 983 948 1056 Qui
966 985 1100 1061 quamuis
1120 985 1267 1061 potuerint
1287 983 1318 1042 in

166 1080 327 1156 archetypo
342 1082 422 1140 eradi
435 1091 465 1141 et
478 1081 554 1141 hanc
568 1083 609 1141 ob
623 1101 741 1141 causam
761 1101 817 1142 nec
835 1083 865 1140 in
880 1081 1075 1141 Thuanaeum
1095 1101 1150 1141 nec
1164 1082 1317 1140 Veronen-

167 1195 233 1235 sem
246 1180 388 1249 uenerint,
401 1189 431 1237 at
449 1197 510 1239 non
530 1181 599 1239 satis
619 1181 661 1239 sic
680 1180 838 1256 explicatur
853 1190 1014 1239 ceterorum
1033 1199 1171 1240 uersuum
1190 1181 1221 1238 in
1239 1181 1317 1238 simi·

167 1273 244 1333 libus
258 1275 331 1334 locis
345 1277 471 1336 amissio.
515 1277 602 1347 Nam,
617 1289 648 1335 ut
668 1277 736 1349 dixi,
750 1279 919 1337 exciderunt
939 1279 968 1336 in
984 1277 1146 1336 Thuanaeo
1162 1296 1209 1352 30,
1224 1279 1274 1348 62,
1287 1277 1318 1334 in

167 1371 335 1432 Veronensi
353 1392 397 1446 ¹4·
439 1375 529 1451 Atqui
554 1393 655 1434 uersus
679 1377 716 1433 62
740 1393 801 1434 non
824 1374 901 1434 cadit
924 1376 954 1432 in
981 1375 1070 1433 imam
1093 1393 1149 1434 nec
1171 1392 1318 1434 summam

168 1471 310 1547 paginam
332 1472 386 1530 nisi
408 1489 470 1531 non
491 1473 648 1531 numeratis
668 1473 800 1532 uersibus
821 1473 871 1549 qui
891 1482 959 1548 post
974 1491 1010 1546 32
1027 1473 1204 1532 exciderunt
1246 1471 1318 1531 Non

168 1568 257 1642 igitur
278 1570 318 1626 ab
338 1569 403 1646 ipso
424 1569 583 1646 archetypo
604 1570 765 1647 descriptus
784 1582 829 1630 est
847 1589 903 1629 nec
917 1569 1096 1630 Thuanaeus
1117 1589 1172 1628 nec
1193 1571 1218 1629 is
1238 1569 1319 1630 unde

168 1666 260 1724 ceteri
278 1677 476 1742 prouenerunt
495 1668 621 1726 codices.
662 1668 757 1726 Iidem
771 1678 871 1726 tamen
885 1667 1046 1726 certissima
1058 1667 1181 1743 uestigia
1197 1685 1266 1745 prae
1286 1683 1319 1726 se

169 1763 268 1822 lerunt
286 1765 401 1822 numeri
418 1767 463 1822 16.
504 1766 565 1823 Aut
584 1765 670 1840 igitur
689 1766 727 1824 ab
745 1765 903 1840 archetypo
917 1765 1035 1824 tralatus
1053 1764 1105 1823 fuit
1118 1765 1165 1824 hic
1180 1781 1320 1824 numerus

169 1860 210 1920 ud
229 1878 299 1919 eum
318 1862 453 1920 codicem
472 1862 550 1921 unde
569 1863 625 1920 orti
644 1872 712 1921 sunt
726 1862 754 1920 T
769 1874 798 1922 et
817 1864 922 1935 ceteri;
942 1873 991 1922 aut
1010 1863 1189 1938 archetypon
1203 1881 1257 1938 per
1273 1863 1320 1933 16,

168 1959 268 2018 codex
290 1959 328 2017 de
349 1976 409 2034 quo
429 1959 575 2036 loquimur
594 1978 647 2035 per
665 1963 700 2017 1⁶
715 1969 745 2018 et
762 1973 797 2034 η
813 1970 981 2020 numeratus
1002 1971 1054 2020 est.
1096 1958 1206 2019 Versus
1223 1957 1320 2018 LXII.

174 2074 212 2128 ¹4
227 2057 369 2132 septimus
384 2056 515 2116 decimus
529 2057 621 2116 iuerat
634 2058 760 2132 paginae
768 2075 776 2130 ;
798 2076 827 2115 u.
839 2075 878 2132 3ο
892 2067 991 2116 sextus
1006 2057 1137 2116 decimus
1151 2058 1319 2134 proximae3

170 2173 200 2213 u.
217 2167 256 2226 47
281 2155 424 2230 septimus
448 2155 579 2214 decimus
603 2156 722 2226 tertiae;
750 2173 778 2213 u.
794 2157 832 2213 62
855 2155 973 2232 quintus
997 2155 1136 2224 decimus,
1160 2157 1198 2228 63
1222 2163 1321 2212 sextus

170 2250 307 2310 decimus
321 2261 450 2327 quartae,
465 2261 497 2310 ut
516 2251 598 2311 facile
617 2253 696 2310 illinc
713 2252 788 2310 elabi
804 2253 956 2327 potuerint
1001 2251 1075 2310 Mox
1091 2252 1121 2310 hi
1139 2251 1252 2310 numeri
1275 2254 1320 2322 1⁶,

174 2365 210 2422 ιγ
228 2349 260 2406 in
274 2350 400 2424 paginas
419 2367 457 2423 33
472 2368 610 2410 uersuum
627 2367 726 2408 rursus
743 2351 839 2409 coacti
858 2358 934 2410 sunt.
977 2347 1060 2422 Quot
1072 2367 1175 2408 uersus
1190 2349 1321 2425 singulae

170 2447 302 2523 paginae
322 2446 474 2507 habuerint
495 2447 558 2507 libri
579 2449 641 2508 eius
662 2449 712 2524 qui
732 2449 850 2508 ineunte
872 2446 988 2506 saeculo
1009 2446 1083 2504 XIV
1103 2446 1254 2506 Veronam
1276 2464 1322 2504 re-

168 2544 279 2602 ductus
302 2553 346 2604 est
367 2545 510 2618 nescitur3
531 2545 655 2604 fortasse
677 2563 724 2620 33,
740 2562 828 2621 quem
849 2562 1004 2602 numemm
1024 2543 1111 2603 habet
1131 2544 1226 2603 codex
1249 2543 1321 2602 San·

169 2643 387 2716 germanensis.
429 2641 487 2701 Sed
503 2642 561 2700 iam
578 2643 652 2701 erasi
666 2651 748 2702 erant
761 2642 844 2702 multi
857 2659 967 2711 uersus,
982 2641 1064 2700 multi
1083 2641 1163 2700 tituli.
1206 2639 1322 2700 Titulos

168 2749 274 2798 autem
295 2757 367 2810 non,
381 2747 414 2798 ut
435 2738 613 2809 Schwabius,
627 2749 699 2815 puto
718 2757 792 2798 aeuo
807 2740 888 2814 quod
907 2739 1007 2798 dicum
1026 2740 1132 2810 medio,
1148 2739 1201 2798 sed
1222 2737 1323 2814 primis

169 2847 243 2912 post
255 2835 404 2895 Christum
415 2845 516 2894 natum
526 2835 648 2894 saeculis
663 2837 786 2913 scriptos
797 2835 893 2896 fuisse.
927 2837 1100 2896 Sermonem
1114 2837 1192 2894 enim
1206 2853 1275 2912 prae
1290 2853 1323 2894 se

168 2933 273 2992 lerunt
283 2951 346 2992 non
357 2933 503 3009 impurum
513 2951 568 2992 nec
579 2933 751 3005 illiteratum,
761 2935 813 2994 sed
825 2935 918 3010 qualis
929 2934 1002 2994 solet
1012 2951 1077 2992 esse
1088 2933 1322 2992 Scholiastarum.

170 3031 247 3090 Non
263 3031 411 3090 absimiles
426 3031 498 3091 tituli
512 3042 580 3092 sunt
593 3032 756 3091 carminum
767 3033 907 3102 Ausonii;
929 3032 1072 3109 siquidem
1084 3030 1188 3090 Catulli
1202 3031 1324 3091 carmini

169 3127 295 3187 XXXV
308 3129 469 3204 praefixum
485 3139 529 3188 est
542 3129 595 3188 Ad
606 3129 757 3190 Caecr'ltiem
771 3130 844 3188 mter
854 3130 974 3188 libellum
987 3130 1070 3205 loqui,
1085 3129 1208 3188 Ausonii
1222 3129 1323 3204 Epigr.

170 3225 312 3284 XXXIV
326 3225 378 3282 Ad
392 3225 512 3284 libellum
531 3245 612 3284 suum
631 3227 701 3302 quid
712 3229 804 3302 polrus
820 3228 887 3285 uelr't
901 3230 987 3285 lamas
1001 3228 1047 3285 uel
1056 3229 1166 3286 carr'em.
1209 3225 1246 3283 In
1260 3225 1324 3302 qui-

169 3323 304 3384 busdam
324 3323 446 3398 uestigia
466 3335 535 3381 sunt
555 3325 740 3400 antiquitatis,
761 3335 793 3383 ut
813 3326 844 3382 in
863 3343 887 3384 c.
902 3324 929 3383 L
943 3326 989 3383 cui
1009 3325 1208 3400 praepositum
1229 3333 1272 3382 est
1293 3323 1324 3380 in

170 3423 297 3482 Datano
311 3421 364 3478 Ad
372 3419 532 3492 lucubrum,
548 3433 576 3480 et
591 3440 616 3481 c.
631 3422 734 3481 LXIII
756 3423 838 3482 cuius
858 3423 955 3481 titulus
976 3433 1020 3482 est
1039 3421 1085 3480 De
1102 3421 1279 3480 Berecinthm
1300 3425 1327 3477 el

168 3521 247 3578 Am.
293 3518 395 3594 Ipsum
409 3519 479 3578 illud
493 3520 573 3595 quod
586 3520 617 3577 in
634 3521 776 3596 principio
795 3521 859 3580 libri
878 3529 934 3579 stat
950 3518 1061 3579 Catulli
1079 3519 1238 3576 Veronensis
1254 3517 1325 3576 liber

169 3618 277 3692 rita'pr'l
288 3616 329 3672 ad
341 3615 500 3676 Cornelium
515 3619 666 3694 antiquum
680 3614 792 3688 habe03
813 3616 942 3686 Catullus
956 3617 1035 3675 enim
1049 3635 1067 3674 a
1080 3616 1175 3676 anio
1190 3615 1323 3674 Ausonio

170 3713 334 3773 Macrobio
355 3711 456 3772 Nonio
477 3713 626 3773 Prisciano
640 3714 818 3774 Veronensis
840 3714 1001 3791 appellatus
1021 3696 1088 3772 ests
1116 3713 1266 3773 Inscitiam
1287 3714 1324 3774 de

169 3831 233 3890 qua
252 3811 327 3870 dixit
341 3809 510 3870 Schwabius
531 3823 580 3871 aut
601 3813 710 3872 nullam
730 3831 795 3874 esse
816 3815 938 3873 arbitror
957 3823 1007 3872 aut
1028 3811 1090 3871 aliis
1110 3812 1324 3888 adsignandam

169 3927 269 3988 quam
283 3909 318 3966 iis
331 3910 381 3984 qui
396 3909 493 3968 lindos
506 3911 592 3985 primi
605 3910 787 3969 addidenmt.
830 3909 915 3970 Certe
934 3927 995 3968 non
1011 3910 1114 3969 inscite
1128 3911 1266 3986 scriptum
1281 3921 1326 3970 est

169 4019 243 4066 ante
270 4025 295 4064 c.
310 4005 414 4064 XXXI
437 4005 490 4064 Ad
509 4005 646 4065 Sirmium
671 4008 800 4078 amulam,
822 4025 877 4066 nec
902 4017 969 4066 ante
990 4007 1094 4066 XXIX
1110 4008 1163 4066 Ad
1172 4007 1325 4066 Romulum

172 4106 362 4174 Calamr'lum,
377 4122 447 4162 nam
462 4103 599 4163 Sirmium
614 4105 716 4181 legitur
731 4106 817 4164 etiam
831 4105 861 4164 in
874 4105 1067 4182 Inscriptione
1081 4106 1230 4167 Orelliana
1244 4109 1322 4181 3⁶¹7

170 4207 268 4280 (domo
285 4201 395 4260 Flam'a
415 4199 531 4280 Sirmi),
551 4201 706 4262 Catamitus
729 4213 826 4262 autem
847 4204 991 4278 quaedam
1014 4222 1031 4263 e
1055 4203 1164 4264 Saturis
1184 4204 1326 4263 Varronis

169 4301 323 4380 appellata
343 4311 397 4359 est.
441 4299 500 4358 Sed
521 4318 582 4359 non
603 4319 682 4378 nego
703 4302 895 4360 sinceritatem
920 4302 1066 4362 titulorum
1088 4303 1233 4363 erroribus
1256 4303 1327 4360 scri·

170 4403 280 4458 barum
306 4398 438 4456 uitiatam
461 4415 541 4469 esse;
563 4399 641 4458 unde
666 4409 694 4458 et
719 4398 815 4457 titulus
836 4417 860 4457 c.
878 4397 924 4455 111
945 4397 1042 4457 Fletus
1060 4399 1193 4458 Passeris
1211 4397 1327 4456 Lesbr‘as

739 4507 782 4568 *f
