3074 5066
450 1178 954 1274 FRAGMENTA.

685 1535 711 1598 1.

343 1689 389 1752 At
412 1707 478 1752 non
500 1688 634 1774 effugies
656 1708 745 1754 meos
767 1689 889 1753 iambos

157 1825 317 1896 Porphyrio
337 1826 373 1880 ad
392 1827 493 1882 Horat.
512 1827 754 1894 Carm.l.16.s4.
800 1828 887 1882 lambi
908 1833 1001 1882 autem
1023 1842 1117 1882 uersus
1137 1827 1269 1897 aptissimi

120 1895 265 1950 habentur
282 1897 316 1951 sd
334 1897 560 1954 maledicendum.
595 1900 724 1968 Denique
741 1905 772 1953 et
790 1899 992 1958 Catulluscum
1014 1898 1158 1952 maledicta
1180 1899 1267 1952 mina-

120 1975 212 2034 retur,
230 1969 270 2021 sic
288 1969 326 2022 ait
343 1969 554 2024 ‘At-iambos!
590 1971 633 2038 Cf.
651 1972 787 2025 Commeat.
803 1971 880 2040 Cnsq.
896 1971 934 2024 ad
949 1971 1038 2023 locum.
1075 1973 1177 2022 Versum
1193 1971 1268 2022 Hau·

120 2038 221 2092 thahas
240 2039 321 2106 rrj‘err
337 2041 375 2094 ad
385 2041 481 2094 Caruili
496 2060 519 2095 c.
530 2041 592 2096 XL.
618 2043 762 2112 Quaenam
782 2047 812 2094 te
833 2041 904 2094 mala
925 2056 1010 2106 mens,
1030 2041 1131 2093 miselle
1153 2039 1268 2106 Rauide,

119 2110 189 2176 Agit
207 2109 386 2179 praecipitem
405 2111 431 2163 in
450 2127 526 2164 meos
543 2111 665 2165 iambos?
683 2112 749 2179 &c.;
768 2112 933 2182 Wsrphalius
950 2113 988 2166 ad
1003 2131 1105 2165 cannen
1122 2112 1187 2180 quod
1201 2113 1269 2164 inter

120 2181 203 2232 XIII
219 2191 246 2233 et
266 2183 336 2234 XIV
354 2183 450 2234 stetisse
473 2185 526 2236 ueri
548 2183 629 2236 ss'ms'le
652 2185 695 2236 sir.
741 2184 810 2236 Mihi
832 2203 864 2236 ex
887 2203 910 2237 c.
926 2185 992 2237 LIV
1005 2192 1131 2252 surptum
1156 2182 1269 2236 uidetur:

120 2251 157 2318 cf.
169 2271 199 2305 n.
212 2255 239 2320 6,
253 2251 375 2306 irascere
387 2253 487 2307 iterum
499 2254 567 2307 meis
579 2253 674 2308 iambis
687 2253 897 2323 inmerentibus,
909 2254 990 2309 unice
1002 2254 1158 2322 imperator.

155 2475 211 2528 Ast
222 2475 300 2529 codex
311 2475 443 2529 Bernerrsis
455 2477 639 2546 Porphyrionis.

677 2653 719 2718 ΙΙ.

254 2781 354 2846 Hunc
376 2782 481 2846 lucum
503 2783 565 2846 tibi
586 2782 701 2848 dedico
722 2801 933 2866 consecroque
956 2781 1068 2868 Priape

156 2978 346 3034 Terentianus
358 2978 472 3033 Maurus
485 2983 644 3045 orsa-2760
656 2979 741 3034 oaisr.

305 3067 366 3136 lpse
384 3068 457 3120 enim
474 3083 557 3120 sonus
574 3067 676 3122 indicat
693 3083 752 3121 esse
770 3067 823 3121 hoc
840 3066 941 3121 lusibus
958 3073 1061 3136 aptum.

302 3137 339 3190 Et
355 3137 443 3191 ferme
461 3137 559 3191 modus
576 3139 621 3191 hic
638 3138 719 3192 datur
736 3155 753 3192 a
769 3139 905 3208 plerisque
923 3139 1031 3207 Priapo,

303 3208 381 3262 Inter
397 3224 466 3278 quos
483 3209 583 3262 cecinit
600 3225 710 3278 quoque
728 3225 839 3263 carmen
857 3210 911 3262 tale
930 3211 1067 3277 Catullus;

303 3279 387 3332 Hunc
404 3279 671 3333 lucum-ostriosior
688 3281 752 3334 oris.

301 3349 456 3474 getisimiles
474 3350 564 3420 plures
580 3351 620 3404 sic
637 3351 827 3420 conscripsisse
846 3351 984 3405 Catullum

346 3437 415 3475 mus.

156 3517 257 3570 Atilius
274 3515 297 3567 F
299 3517 486 3569 ortunatianus
502 3532 530 3584 p.
545 3531 594 3583 317
609 3515 693 3572 Gaisf.
729 3518 772 3571 Ex
790 3517 841 3572 hac
859 3517 992 3571 diuisione
1008 3521 1038 3570 et
1056 3515 1185 3584 Priapeus
1203 3531 1265 3569 nas-

121 3589 196 3642 citur
203 3603 308 3640 uersus.
332 3587 416 3639 Cuius
425 3587 579 3655 exemplum
589 3589 659 3656 apud
670 3589 805 3642 Catullum
816 3591 823 3618 ‘
834 3589 1140 3656 Hunc—consecroque
1150 3586 1266 3654 Priape!

121 3657 194 3711 Nam
207 3673 273 3712 cunr
285 3657 313 3709 in
326 3657 382 3710 duo
393 3665 530 3710 commata
544 3659 588 3712 hic
601 3674 695 3711 uersus
706 3659 843 3713 diuidatur
854 3659 977 3728 superius
988 3673 1097 3711 comma
1109 3663 1174 3710 octo
1186 3657 1265 3725 sylla-

121 3728 219 3782 barum
241 3735 271 3781 et
294 3727 438 3797 insequens
458 3735 572 3796 septem,
594 3728 726 3784 diminuta
746 3731 891 3799 superioris
911 3729 1055 3783 commatis
1077 3733 1169 3796 parte;
1193 3734 1224 3780 ut
1243 3729 1266 3780 si

120 3799 204 3853 iacias
226 3799 342 3852 ‘Mater
362 3815 443 3852 saeua
461 3799 641 3867 Cupidinum:
666 3808 754 3854 mater
771 3817 851 3854 saeua
870 3799 995 3869 Cupido.’
1032 3798 1085 3852 Sed
1103 3797 1173 3851 adeo
1189 3804 1265 3851 totus

122 3869 168 3924 lric
180 3885 215 3924 er
228 3869 315 3924 heroo
328 3870 404 3923 uenit
416 3869 576 3924 hexametro
589 3877 660 3926 utet
675 3872 745 3939 apud
759 3872 914 3925 Homerum
930 3871 1004 3924 nullo
1020 3871 1163 3922 immutato
1179 3869 1265 3922 uerbo

121 3941 278 4010 complures
294 3941 468 3993 inueniuntur
482 3941 597 4010 Priapei,
610 3948 639 3994 et
656 3943 727 4009 apud
741 3943 890 4008 Virgilium,
902 3957 1019 4010 quorum
1037 3957 1122 3994 unum
1140 3939 1168 3992 in
1186 3956 1264 4008 prae·

120 4011 210 4065 sentia
231 4011 379 4080 posuimus,
400 4011 448 4080 qui
468 4011 541 4064 forte
561 4011 705 4079 succurrit,
723 4013 807 4067 credo
825 4020 854 4066 et
873 4014 939 4066 alios
958 4013 1073 4065 inueniri
1091 4026 1169 4080 posse
1187 4027 1264 4064 com-

121 4083 222 4150 plures,
241 4083 314 4134 ‘Cui
330 4097 386 4134 non
403 4081 490 4135 dictus
504 4082 590 4152 Hylas
605 4099 674 4151 puer
685 4090 714 4136 et
727 4084 843 4137 Latonia
856 4083 958 4138 Delos!
995 4083 1079 4153 Quod
1097 4088 1209 4150 apparet
1226 4083 1265 4137 ita

120 4168 189 4218 esse,
199 4153 330 4222 quoniam
343 4153 380 4205 ita
392 4153 470 4205 huius
482 4168 577 4206 uersus
589 4154 673 4221 exigit
685 4161 790 4221 natura,
799 4161 830 4208 ut
842 4154 979 4208 interduo
990 4161 1127 4207 commata
1139 4153 1264 4220 exiguam

119 4223 328 4294 pronunciando
346 4223 502 4292 interponas
519 4239 635 4279 moram.
670 4225 743 4279 Nam
758 4226 827 4280 ‘Cui
846 4242 901 4279 non
919 4225 1008 4280 dictus
1020 4225 1106 4296 Hylas
1123 4225 1202 4296 puer’
1216 4239 1265 4296 par

119 4466 179 4571 Pr.
196 4447 309 4570 blocum
326 4459 447 4517 warruor
463 4449 554 4502 codices
570 4450 698 4504 Cemoriru
710 4460 739 4518 p.
753 4463 785 4514 97
800 4449 874 4502 lahr.
960 4464 1091 4503 consecro
1109 4447 1262 4516 dedicoque

142 4529 195 4571 urse
213 4538 262 4573 rus.

673 4611 720 4674 ri
