3074 5066
524 379 750 445 CARMINVM
779 378 968 445 CATVLLI.
1257 375 1316 441 2³9

169 567 310 648 strophas
330 567 490 646 dispertinit
509 567 833 647 hendecasyllaborum
855 565 942 628 XLII
963 567 994 626 in
1016 565 1089 626 duas
1112 563 1317 625 duodenorum

169 667 301 744 repetitis
320 667 418 726 uerbis
439 668 519 726 redde
537 668 672 728 codicellos
680 688 696 736 ,·
724 665 808 727 XLV
827 669 858 726 in
878 667 952 726 duas
973 663 1108 742 strophas
1131 679 1317 724 nouenorum

170 782 242 824 cum
269 763 367 842 epodo
394 766 523 844 repetitis
549 767 683 826 uersssms
706 765 771 826 Hae
796 771 830 824 eet
854 765 934 825 deae?
955 782 1034 824 amor
1058 763 1177 822 attera
1201 767 1234 820 a?
1255 767 1319 821 ante

169 859 320 921 Dextram
342 865 462 922 sarraca
482 865 718 940 approbationem:
738 873 768 924 et
791 865 822 922 in
845 862 891 923 his
917 861 1102 939 partitionem
1126 857 1194 918 lecit
1220 875 1317 936 neque

170 959 252 1019 idem
279 960 442 1037 legentibus
466 961 642 1022 declarauit?
667 961 723 1022 Cui
745 961 847 1022 omnia
873 970 951 1020 tersa
975 977 1009 1020 ac
1033 958 1124 1034 polita
1147 957 1318 1035 placuerint,

170 1056 252 1117 huuc
265 1059 368 1118 credas
381 1059 509 1119 lrhellum
522 1079 608 1121 suum
622 1079 684 1121 non
697 1062 778 1120 omni
795 1079 863 1120 cura
880 1058 1072 1137 perscriptum
1093 1067 1180 1133 atque
1199 1055 1229 1114 in
1248 1073 1317 1114 suas

171 1163 270 1231 partes
284 1155 429 1232 digestum
443 1157 592 1218 emisisse?
634 1158 704 1218 Hoc
719 1169 747 1218 et
760 1159 878 1218 artificis
891 1165 953 1216 erat
967 1166 996 1216 et
1008 1155 1087 1214 docti
1100 1163 1215 1231 poetae.
1257 1152 1316 1212 Sed

170 1251 219 1312 lac
233 1253 374 1326 diuisisse,
388 1273 483 1332 neque
497 1256 526 1315 id
539 1267 638 1316 tamen
652 1257 830 1334 significasse
845 1257 931 1316 notis.
966 1253 1047 1314 Num
1061 1253 1170 1313 idcirco
1184 1251 1317 1312 fortuitas

171 1349 256 1411 ducis
276 1351 345 1411 istas
366 1352 549 1430 stropharum
570 1373 604 1414 ac
625 1356 749 1432 partium
770 1353 999 1415 concentioues?
1041 1351 1146 1425 ‘Quae
1167 1360 1211 1411 est
1230 1350 1317 1427 igion

171 1451 245 1506 ‘aut
268 1449 319 1507 ubi
342 1459 472 1509 uersatur
494 1451 674 1511 fortuitarum
699 1471 795 1512 rerum
819 1451 971 1512 conditio?
1012 1449 1099 1523 Quae
1126 1450 1206 1508 enim
1232 1465 1316 1525 prae·

169 1544 294 1604 ‘sentiri
313 1557 363 1606 aut
383 1557 444 1608 arte
465 1559 514 1608 aut
534 1550 646 1609 ratione
665 1561 715 1610 aut
729 1568 785 1610 usu
801 1561 851 1610 aut
869 1550 1036 1611 coniectura
1052 1557 1184 1625 possunt,
1199 1564 1235 1605 ea
1254 1563 1316 1604 non

172 1643 303 1703 ‘diuinis
323 1646 477 1706 tribuenda
497 1649 594 1720 eredo,
615 1649 668 1708 sed
688 1646 820 1726 peritis¹.’
863 1649 966 1724 Itaque
987 1647 1012 1706 si
1032 1647 1098 1723 quis
1118 1645 1317 1704 Porsonianae

171 1739 217 1799 isti
239 1759 360 1800 normae
386 1743 423 1802 de
447 1746 564 1804 senariis
592 1746 785 1822 Tragicorum
812 1747 920 1806 obiciat
948 1745 1029 1822 quod
1057 1761 1112 1803 nec
1139 1751 1253 1804 ueteres
1278 1740 1317 1799 ita

170 1841 373 1914 praeceperint
387 1850 416 1900 et
437 1841 493 1900 sint
507 1843 642 1920 exempla
656 1845 761 1920 quibus
778 1844 946 1916 infirmetur,
961 1861 1032 1902 casu
1048 1843 1134 1918 igitur
1151 1839 1267 1899 euenire
1285 1848 1318 1897 ut

170 1935 197 1993 si
225 1937 355 1996 iambum
383 1941 505 2000 creticus
532 1941 655 2014 claudat,
682 1943 779 2003 breuis
807 1943 893 2002 toties
920 1942 1076 2020 praecedat
1103 1940 1231 2017 syllaba3
1265 1955 1317 1998 cur

171 2037 286 2110 neges?
328 2035 407 2108 Quia
433 2037 508 2097 adeo
535 2039 664 2115 pluribus
692 2041 804 2101 obtinet
830 2041 903 2101 locis
929 2059 1019 2119 quam
1046 2039 1170 2099 uiolatur
1197 2045 1229 2096 ut
1255 2054 1317 2096 non

170 2135 298 2210 potuerit
319 2151 381 2192 non
405 2137 449 2194 ius
470 2136 577 2196 habere
600 2138 709 2197 artificii
731 2156 792 2216 quo
814 2138 915 2216 tragici
937 2139 1052 2197 iambos
1072 2153 1142 2196 suos
1161 2153 1179 2194 a
1197 2133 1318 2194 comicis

172 2230 404 2291 discdminarint.
446 2233 608 2294 Adhibetur
628 2237 707 2295 enim
731 2245 793 2296 tam
817 2246 985 2297 constanter
1007 2245 1040 2295 ut
1063 2233 1174 2294 mireris
1198 2231 1318 2310 siquid

171 2337 275 2387 contm
295 2331 458 2389 occurrerit
498 2331 538 2390 Et
561 2331 619 2392 hoc
640 2333 759 2410 quidem
784 2334 843 2393 iam
865 2345 976 2393 certum
998 2343 1027 2392 et
1049 2331 1232 2409 exploratum
1256 2347 1318 2388 cre·

171 2423 265 2498 ditum
297 2425 433 2486 incertius
460 2427 529 2487 illud
556 2431 637 2507 quod
665 2429 831 2490 Meinelaius
858 2440 888 2490 et
914 2429 1123 2491 hachrnannus
1151 2428 1188 2487 de
1213 2425 1319 2486 Horati

170 2524 349 2584 earmimhus
363 2538 581 2603 praeceperunt,
595 2537 627 2587 ut
640 2529 740 2588 omnia
758 2529 789 2588 in
803 2528 937 2606 strophas
955 2528 1099 2604 redegerit
1112 2514 1319 2603 quaternorum

170 2635 319 2682 uersuum
356 2623 416 2682 Vbi
434 2625 513 2684 enim
534 2625 668 2704 strophas
682 2627 747 2704 ipso
768 2636 862 2686 metro
883 2627 1020 2697 diuiserit,
1035 2635 1191 2703 quaternos
1215 2639 1319 2682 uersus

171 2721 295 2797 shrgulis
309 2723 436 2800 strophis
449 2743 577 2800 ponere;
600 2745 634 2786 ex
650 2725 685 2785 iis
699 2737 796 2786 autem
811 2745 887 2805 quae
901 2729 1045 2800 ῖσομίτρωε
1059 2725 1213 2802 scripserit,
1227 2741 1320 2784 unum

171 2834 237 2878 esse
251 2819 333 2895 quod
346 2820 423 2880 hanc
437 2821 611 2884 diuisionem
625 2842 686 2883 non
700 2826 833 2901 patiatur,
847 2823 947 2896 1V.o;
969 2823 1026 2884 hoc
1040 2832 1139 2884 autem
1152 2823 1236 2898 signa
1249 2839 1321 2899 prae

171 2933 204 2974 se
225 2915 301 2976 serre
321 2919 478 2979 turbarum.
520 2920 611 2992 Quod
632 2931 734 2982 contra
755 2922 779 2981 si
800 2923 866 3000 quis
886 2921 1006 2994 dixerlt;
1028 2931 1057 2980 at
1074 2929 1187 2997 septem
1208 2929 1320 2978 tantum

171 3031 210 3074 ex
230 3015 407 3076 carminibus
421 3016 465 3075 IV
478 3017 618 3079 librorum
639 3019 754 3095 scripsit
774 3021 915 3094 intimem
938 3038 975 3078 ex
993 3019 1039 3078 his
1058 3029 1170 3095 septem
1187 3017 1212 3076 si
1228 3033 1321 3076 unum

171 3131 235 3172 non
260 3124 357 3191 potest
381 3132 434 3192 per
457 3117 592 3193 strophas
616 3117 813 3194 quaternarias
837 3117 936 3188 diuidi,
958 3127 1055 3194 potest
1076 3134 1129 3192 per
1153 3114 1322 3191 inaequales

171 3209 307 3288 (444444
324 3231 362 3287 33
379 3210 420 3292 4),
442 3213 521 3272 idern
543 3214 638 3290 potuit
659 3215 747 3274 etiam
768 3216 799 3273 in
820 3223 916 3275 cetera
935 3233 986 3274 sex
1006 3214 1127 3286 cadere;
1149 3211 1220 3271 nihil
1236 3213 1267 3270 in
1283 3229 1321 3271 eo

171 3309 238 3388 ipso
260 3319 321 3368 tam
342 3321 386 3368 est
406 3312 561 3382 turbatum,
581 3312 662 3390 quod
682 3330 744 3371 non
765 3312 849 3373 facile
869 3313 1038 3390 explicaris;
1060 3311 1229 3370 aduersatur
1250 3309 1321 3368 anti·

172 3408 293 3485 quitatis
306 3407 429 3479 traditio,
441 3409 469 3467 si
480 3409 598 3485 quidem
612 3410 793 3485 grammatici
807 3421 920 3470 ueteres
934 3409 1007 3468 odas
1020 3413 1184 3482 μονοκώλους
1198 3410 1323 3466 tantm

170 3509 351 3578 τπριιιόλους
371 3505 523 3582 diligenter
543 3506 745 3579 distinxerunt,
765 3507 836 3566 nihil
856 3507 894 3566 de
914 3506 972 3566 hoc
993 3506 1146 3577 dixerunt3
1167 3503 1321 3582 quomodo

171 3621 235 3662 rem
261 3601 401 3662 decidas?
442 3602 579 3663 Fortasse
602 3621 664 3664 non
687 3605 816 3682 poteris3
846 3605 899 3664 sed
923 3605 1004 3665 dices
1028 3621 1134 3681 pausas
1159 3603 1322 3663 carminum

171 3701 320 3773 ἰσομέτρων
340 3717 408 3760 cum
428 3701 527 3778 pausis
548 3719 710 3778 congruere
731 3703 907 3780 reliquorum
927 3701 1041 3773 Horati,
1059 3702 1082 3761 si
1101 3708 1169 3777 post
1187 3709 1322 3776 quartum

171 3814 321 3875 quemque
341 3815 460 3858 uersum
481 3798 631 3871 incideris;
656 3799 714 3859 hoc
740 3799 811 3859 hildi
835 3799 1002 3876 diligentius
1023 3797 1203 3875 quaesiuisse
1225 3795 1324 3856 Hora·

171 3899 257 3970 tium,
271 3897 373 3957 necin
386 3897 446 3956 ulla
459 3917 490 3957 re
504 3908 565 3956 tam
582 3908 659 3958 certe
672 3899 816 3958 unitatum
831 3899 963 3958 Graecos
971 3917 979 3970 3
1001 3915 1066 3956 esse
1088 3895 1174 3971 igitur
1195 3893 1324 3954 artificii:

172 4013 278 4072 parum
292 3995 381 4072 igitur
395 3995 492 4055 ualere
506 3996 588 4073 quod
604 3995 635 4054 in
648 4014 710 4056 uno
727 3997 857 4056 carmine
870 3996 969 4056 locum
990 4012 1053 4053 non
1073 4001 1179 4062 teneat,
1193 4009 1326 4068 praeser-

170 4095 225 4156 tim
240 4096 374 4154 turbato:
396 4111 462 4154 esse
475 4103 574 4154 autem
588 4093 723 4170 strophas
736 4093 767 4152 in
781 4093 848 4154 odis
863 4095 1021 4166 ἰσομέτροις,
1035 4089 1105 4150 ῐιὶΙιίῙ
1119 4090 1224 4148 mirum
1242 4089 1266 4148 si
1281 4108 1326 4149 re·

172 4193 320 4254 centiores
330 4190 471 4266 dubitent,
483 4209 552 4252 cum
563 4191 720 4252 dubitarint
730 4192 818 4251 etiam
829 4200 953 4263 ueteres,
962 4190 1050 4267 idque
1058 4189 1089 4249 iu
1103 4187 1203 4248 metris
1216 4187 1324 4264 quibus

609 4399 618 4429 ¹
635 4401 685 4448 cte,
697 4401 726 4447 de
738 4398 815 4446 Divin.
828 4399 857 4446 11.
870 4409 893 4458 5.
