3136 5060
722 421 935 482 EXCVRSVS

624 715 838 778 EXCVRSVS
859 717 898 777 ad
914 716 971 776 ΙΙΙ.
987 719 1031 776 16.

296 856 345 916 Ad
365 856 438 916 haec
459 856 495 916 dc
516 855 637 918 Passere
658 859 787 918 carmina
807 867 936 934 spectare
957 857 1071 916 uidetur
1092 857 1272 933 epigramma
1285 852 1398 930 Aginni

255 955 333 1014 iuxta
354 955 516 1032 Augustam
539 955 715 1016 Ausciorum
739 956 768 1016 in
790 955 945 1033 Aquitanis
967 954 1067 1032 (Agen
1091 953 1109 1014 a
1130 954 1227 1028 Auch)
1249 965 1399 1030 repertum

253 1071 333 1112 anno
350 1055 434 1130 1865.
476 1053 658 1131 Insculptum
676 1062 721 1114 est
736 1072 917 1114 marmoreae
934 1053 1048 1114 tabulae
1065 1053 1153 1113 literis
1167 1071 1242 1130 quae
1255 1063 1288 1110 ut
1302 1051 1400 1109 Leoni

254 1148 390 1211 Renierio
418 1152 552 1212 uidentur
577 1152 718 1227 (Hermes
739 1151 762 1212 1.
780 1154 833 1226 68)
859 1151 1007 1212 saeculum
1031 1160 1099 1229 post
1122 1149 1271 1212 Christum
1295 1161 1399 1210 natum

255 1249 416 1314 secundum
430 1261 578 1312 testantur.

498 1374 597 1447 Quam
611 1373 703 1434 dulcis
717 1375 769 1434 fuit
783 1376 845 1446 ista,
860 1393 949 1451 quam
962 1376 1098 1451 benigrta,

498 1472 583 1545 Quae
597 1491 664 1532 cum
678 1473 788 1533 uiueret
801 1475 831 1531 in
845 1474 911 1532 sinu
925 1473 1037 1532 iacebat

498 1569 601 1630 Somni
615 1571 733 1630 conscia
747 1588 863 1647 semper
875 1579 904 1629 et
918 1570 1028 1630 cubilis.

498 1667 526 1728 Ο
541 1668 648 1727 lactum
662 1669 747 1740 male,
762 1667 851 1746 Myia,
867 1669 947 1746 quod
961 1669 1066 1744 peristi.

438 1783 456 1840 5
499 1766 632 1827 Latrares
645 1768 736 1827 modo
750 1767 774 1826 si
788 1767 853 1844 quis
867 1767 1025 1827 adcubaret

498 1864 608 1924 Riualis
622 1865 759 1924 dominae
773 1865 929 1924 licentiosa

496 1961 647 2024 Olactum
662 1963 747 2035 male,
762 1962 851 2040 Myia,
865 1963 946 2040 quod
960 1963 1065 2038 peristi.

496 2061 597 2120 Altum
611 2061 670 2120 iam
683 2071 763 2121 tenet
776 2061 897 2120 insciam
911 2061 1075 2138 sepulerum

498 2157 563 2218 Nec
577 2159 670 2219 seuire
683 2170 768 2237 potes
782 2177 838 2220 nec
851 2159 957 2218 insilire

420 2273 458 2316 ro
500 2255 564 2316 Nec
577 2257 691 2316 blandis
704 2257 775 2316 mihi
789 2258 934 2317 morsibus
948 2255 1071 2316 renides.

254 2385 442 2466 Epitaphium
466 2397 510 2448 est
533 2389 615 2448 canis
639 2407 728 2466 quam
755 2389 817 2448 siue
841 2389 879 2448 de
903 2387 1001 2448 colore
1030 2387 1091 2447 siue
1118 2395 1236 2463 propter
1259 2385 1340 2445 lusus
1368 2397 1399 2445 et

255 2487 413 2563 nequitiam
438 2486 550 2565 Myiam
576 2490 732 2562 (muscam)
757 2489 911 2547 uocabant
964 2487 1036 2545 Eius
1060 2486 1189 2564 quisquis
1217 2495 1318 2545 auctor
1344 2484 1400 2543 furit

256 2585 402 2645 Catullum
427 2587 553 2646 imitatus
576 2595 629 2646 est.
671 2585 749 2646 Nam
773 2586 812 2645 ad
833 2586 906 2662 113
929 2585 1073 2659 Quicum
1097 2583 1214 2642 ludere
1239 2601 1338 2660 quem
1361 2584 1399 2642 in

255 2683 334 2742 sinu
362 2693 477 2742 tenere
504 2685 628 2761 pertinet
654 2703 682 2743 u.
705 2703 738 2756 a;
771 2685 809 2744 ad
833 2683 942 2744 111.16
965 2701 1068 2744 uersus
1093 2695 1171 2756 4,7;
1204 2681 1242 2740 ad
1267 2680 1398 2756 LVII.9

256 2779 396 2840 Riuales
420 2782 530 2840 sociei
554 2783 781 2860 puellularum
804 2801 832 2842 u.
853 2784 880 2840 6.
922 2782 1006 2842 Idem
1030 2782 1152 2840 fortasse
1176 2781 1302 2858 respexit
1326 2779 1400 2856 Epi·

208 2901 210 2908 ·
255 2897 387 2956 gramma
409 2879 548 2941 Martialis
562 2881 586 2940 1.
602 2901 658 2942 rto
675 2883 757 2959 quod
775 2891 804 2942 et
821 2883 918 2959 ipsum
936 2891 981 2941 est
998 2881 1036 2940 de
1055 2881 1164 2940 catella
1206 2879 1400 2956 Disputamnt

255 2978 292 3038 de
307 2976 388 3054 Myia
401 2977 526 3052 Barrius,
541 2979 724 3052 Bischoffius,
739 2977 918 3040 Conturius¹.
959 2979 1040 3055 Inter
1058 2996 1133 3055 quos
1154 2977 1225 3037 illud
1242 2978 1401 3054 ambigitur

255 3094 274 3136 a
297 3076 418 3136 domina
441 3078 560 3138 catellae
584 3079 724 3155 scriptum
747 3078 832 3138 fuerit
856 3097 894 3138 an
918 3077 956 3136 ab
980 3087 1109 3136 antatore
1134 3076 1279 3135 dominae,
1321 3076 1400 3135 Illud

255 3173 413 3235 Bischoffio
431 3186 459 3235 et
474 3175 615 3236 Couturio
635 3177 758 3254 placuit;
781 3195 851 3235 nam
870 3177 979 3235 sinum
999 3193 1061 3234 non
1079 3192 1168 3252 posse
1184 3174 1257 3233 alius
1270 3174 1400 3250 intellegi

256 3295 346 3354 quam
360 3276 421 3336 eius
435 3277 485 3354 qui
499 3278 529 3335 in
542 3277 644 3336 ultimo
658 3293 745 3336 uersu
758 3277 862 3336 dicitur
876 3276 975 3334 mihi:
997 3276 1075 3335 idem
1089 3276 1176 3334 etiam
1193 3274 1225 3332 in
1243 3292 1271 3333 u.
1287 3289 1305 3348 5
1325 3291 1400 3334 oon·

256 3375 364 3447 uenire,
378 3394 466 3452 quem
486 3376 527 3436 sic
544 3377 746 3452 interpretatur
760 3373 933 3434 Bischoffius
947 3375 1015 3434 ‘Tu
1035 3373 1176 3433 aboierais
1197 3391 1235 3432 au
1254 3373 1352 3432 moins
1374 3374 1400 3433 si

255 3479 263 3505 ‘
278 3473 353 3533 dans
366 3492 438 3534 mon
451 3473 483 3533 lit
496 3490 536 3532 on
550 3475 627 3532 auait
641 3474 700 3550 pris
713 3483 744 3533 ta
757 3473 858 3550 place!
900 3471 974 3531 Mihi
993 3472 1113 3532 alteram
1130 3472 1398 3547 interpretationem

255 3581 284 3631 et
298 3573 423 3650 primum
437 3572 545 3647 legenti
558 3573 701 3650 placuisse
720 3581 749 3631 et
767 3590 846 3631 nunc
859 3571 974 3649 placere
989 3571 1138 3631 confiteor.
1180 3569 1257 3628 Nam
1274 3572 1319 3643 (1)
1336 3571 1361 3628 si
1380 3589 1400 3630 a

255 3671 376 3730 domina
389 3672 527 3748 scriptum
541 3669 649 3742 fuisset,
664 3671 759 3748 primo
773 3689 860 3730 uersu
877 3679 964 3730 staret
981 3670 1050 3743 illa,
1064 3686 1125 3728 non
1144 3669 1220 3739 ista,
1233 3667 1315 3746 quod
1328 3686 1399 3744 pro·

256 3787 365 3829 nomen
386 3769 461 3828 male
480 3770 517 3829 de
536 3787 571 3828 ea
590 3769 733 3830 diceretur
752 3788 828 3847 quae
851 3769 998 3846 scriptoris
1018 3777 1103 3839 esset,
1117 3785 1185 3826 cum
1206 3767 1306 3826 nescio
1327 3767 1401 3842 quid
1443 3843 1449 3854 ι

256 3866 341 3926 alieni
354 3884 388 3926 ac
402 3869 505 3927 remoti
520 3868 611 3946 sapiat
627 3878 656 3927 et
670 3868 753 3945 quasi
766 3867 858 3927 oculis
875 3875 1071 3944 repraesentet
1090 3875 1209 3943 poetam
1226 3865 1265 3924 de
1283 3875 1401 3923 mortua

256 3964 338 4042 Myia
351 3967 411 4024 siue
425 3985 493 4025 eum
507 3985 556 4026 era
570 3968 631 4026 eius
646 3968 813 4044 loquentem
828 3966 889 4026 siue
900 3967 980 4044 quod
991 3965 1087 4043 potius
1098 3965 1195 4024 iudico
1209 3963 1400 4023 meditantem

255 4061 377 4123 sortasse
392 4065 422 4122 in
436 4075 596 4142 conspectu
610 4066 742 4142 sepulcri.
785 4065 854 4124 ‘En
874 4064 1015 4142 presence
1033 4064 1074 4123 du
1092 4063 1232 4122 tombeau
1250 4063 1300 4139 qui
1320 4062 1401 4121 allait

257 4165 264 4194 ‘
279 4163 408 4222 receuoir
421 4181 468 4224 ses
482 4177 572 4224 restes
585 4165 605 4223 il
617 4169 651 4224 'se
665 4165 806 4242 rappelait
819 4164 1089 4223 inuolontairement
1104 4161 1147 4222 les
1164 4180 1268 4222 scenes
1283 4161 1400 4220 intimes

257 4265 307 4317 ‘et
328 4259 511 4322 channantes
535 4263 702 4341 auxquelles
727 4264 780 4322 elle
802 4263 879 4322 auait
903 4260 947 4321 ete
972 4271 1035 4321 tant
1058 4262 1095 4322 de
1119 4261 1175 4320 fois
1195 4258 1297 4319 melee.
1340 4258 1401 4319 Ces

288 4425 297 4456 ¹
309 4429 397 4476 Barrius
409 4431 431 4476 in
442 4430 590 4491 Ephemeride
599 4433 705 4480 Romana
714 4433 827 4482 Bolletino
838 4433 863 4480 di
872 4433 1080 4496 connpomaa,
1092 4429 1226 4480 Biaeholliut
1238 4437 1262 4478 et
1273 4429 1399 4478 Couturius

256 4515 279 4564 ln
291 4513 390 4562 Censura
402 4511 490 4560 Gallica
503 4515 594 4576 (Reum
604 4515 632 4562 de
645 4517 764 4580 Garrogm
775 4517 815 4565 Vl.
828 4512 895 4580 596).
