3136 5060
268 407 326 462 3⁵2
735 405 955 464 EXCVRSVS.

268 607 333 646 nam
360 591 468 665 quando
502 591 665 666 deponebant
697 593 895 666 uirginitatem,
923 592 1065 668 cingulum
1099 590 1282 648 dissoluihant
1308 590 1415 646 maruli.

269 685 386 744 Ouidi'us
401 706 557 764 zonaque
578 689 685 748 salaci
702 687 818 766 (laliaci)
833 699 928 748 casta
947 691 1102 747 recincta
1120 706 1230 759 manu,
1242 697 1268 746 et
1281 687 1415 748 Catullus

267 786 359 862 quod
381 805 502 845 zonam
524 786 632 847 soluit
652 787 710 846 diu
731 787 884 864 ligatam.
918 787 975 866 (Cl.
989 786 1126 847 Priscian.
1143 788 1166 845 1.
1180 785 1239 866 aa.)

307 915 453 975 Guarinus
467 916 646 977 Veronensis
661 919 690 978 in
705 917 837 995 Epistula
851 937 939 996 quam
953 919 1066 995 scripsit
1080 917 1236 978 Francisco
1250 919 1287 978 de
1302 918 1414 994 Ligna-

267 1012 359 1090 nine
374 1013 524 1094 Episcopo
539 1016 712 1076 Ferrariensi
727 1015 935 1096 (iiio-1462)
950 1015 1055 1076 Catulli
1073 1018 1141 1076 citat
1155 1035 1273 1076 uersum
1293 1018 1413 1076 allatum

267 1113 296 1172 in
318 1113 496 1189 praefatione
511 1113 583 1174 Plini
606 1116 657 1174 sed
679 1117 717 1174 ita
736 1127 767 1175 ut
786 1117 883 1192 ipsum
904 1133 1022 1175 cannen
1043 1114 1147 1192 legisse
1168 1135 1200 1174 se
1222 1117 1415 1174 demonstret.

265 1210 309 1270 Cs.
324 1213 538 1289 qualiacumque,
553 1215 703 1273 ui'rtuti'bus
719 1217 835 1273 auxisti
845 1233 912 1274 cum
927 1213 990 1273 Cat.
1005 1214 1029 1273 1.
1046 1233 1073 1288 9,
1089 1213 1196 1273 LXIV.
1216 1233 1252 1288 3²
1257 1233 1284 1288 3.
1324 1213 1416 1272 Extat

266 1311 295 1368 in
310 1311 411 1370 codice
426 1311 587 1372 Bodleiano
604 1312 731 1392 (Canon.
746 1311 831 1372 Misc.
851 1313 928 1390 169).

289 1526 437 1588 Guarinus
451 1529 608 1588 Francisco
621 1529 768 1589 Ferrariae
781 1529 931 1610 Episcopo
945 1530 1088 1590 Primitiae
1103 1531 1265 1590 studiorum
1280 1527 1393 1588 ollert¹.

309 1689 381 1750 Cum
398 1699 474 1748 mam
487 1689 729 1748 obseruaict'ssine
738 1693 863 1768 poterin
879 1711 918 1748 nie
931 1711 965 1750 ac
979 1710 1047 1748 meos
1060 1689 1266 1748 beniuolentiam
1280 1689 1414 1746 animad-

264 1799 339 1848 uerto
352 1793 509 1866 saeptusque
524 1791 679 1867 perpendo:
700 1809 783 1867 quam
797 1812 828 1850 re
843 1793 904 1868 ipsa
925 1793 1035 1850 testaris
1054 1799 1081 1849 et
1099 1792 1217 1866 ipi'siotts
1232 1792 1366 1866 grauiter
1386 1799 1415 1847 et

265 1891 358 1964 iniquo
379 1891 476 1965 patior
500 1891 591 1946 anireio
618 1892 746 1965 quoniam
774 1909 828 1966 qua
851 1892 899 1948 uia
926 1893 1171 1948 remunerationem
1195 1900 1248 1964 pro
1275 1889 1412 1964 dignitate

258 1999 415 2064 prosequar
429 2006 483 2044 non
496 1989 580 2047 uideo.
621 1989 761 2046 Aniensis
774 1997 798 2048 te
810 1991 943 2065 preciosis
960 1997 988 2048 et
1003 1989 1253 2066 artificiosecelatis
1266 1989 1412 2064 etreliqua

263 2087 383 2144 eximiae
396 2087 568 2162 supellectilis
581 2107 680 2162 genere
694 2089 855 2146 donauero?
875 2089 983 2146 minim
1001 2106 1067 2146 sane
1076 2108 1091 2154 ,·
1112 2107 1173 2145 cum
1185 2095 1211 2144 et
1225 2087 1281 2162 ipse
1297 2106 1411 2144 caream

262 2192 289 2242 el
311 2193 341 2243 iu
358 2195 412 2260 pro
435 2193 483 2243 lua
507 2185 635 2243 modestia
659 2207 693 2244 ae
713 2185 875 2244 libcralilale
896 2205 949 2244 non
969 2186 1050 2245 abeas
1070 2183 1196 2262 aucas(l
1210 2183 1294 2261 eruas)
1318 2192 1346 2242 el
1370 2186 1415 2242 ud

261 2285 431 2360 erogandum
451 2303 534 2360 quam
554 2285 595 2341 ad
609 2285 766 2361 capiendum
786 2287 827 2342 sis
847 2287 979 2343 alacrior.
999 2303 1060 2342 eam
1081 2285 1122 2342 ad
1142 2303 1198 2343 rem
1219 2286 1316 2342 saelum
1338 2284 1415 2340 illud

262 2381 349 2439 dicere
361 2394 420 2458 par
429 2383 528 2460 sueril
540 2383 653 2442 Aurum
667 2393 693 2443 et
704 2391 847 2460 argentum
861 2403 914 2442 non
927 2379 967 2442 esl
979 2383 1051 2442 mili
1061 2385 1135 2460 qiiod
1144 2383 1226 2441 habeo
1240 2383 1289 2440 lioc
1301 2383 1355 2440 libi
1365 2384 1409 2442 do.

162 2463 171 2474 ⁸
263 2477 403 2555 Siquidem
424 2499 485 2538 cum
499 2483 600 2539 nostris
613 2483 645 2539 de
662 2483 786 2540 stual'olis
807 2499 860 2538 non
874 2482 967 2540 niellus
980 2493 1090 2558 carpere
1099 2481 1246 2558 primicias
1259 2481 1348 2550 detur,
1361 2483 1413 2538 cui

256 2580 445 2654 potiusquam
459 2587 522 2636 tuae
535 2581 725 2655 dignelate'eas
743 2579 841 2656 offerre
849 2579 907 2656 sas
917 2579 1042 2656 suerit?
1061 2580 1189 2655 quisoles
1209 2597 1306 2636 meas
1328 2597 1408 2636 esse

262 2677 396 2754 aliquid
423 2688 544 2754 putare
567 2697 677 2754 nugas
698 2686 730 2736 ut
743 2687 822 2754 poeta
839 2687 1030 2736 conterraneus
1049 2697 1121 2736 riuus
1142 2679 1234 2753 inquit
1251 2685 1279 2734 et
1296 2679 1409 2752 scriptis

261 2775 460 2851 qualiacunque
472 2779 530 2834 si'iil
542 2779 606 2834 riuis
617 2777 726 2852 pondus
739 2785 766 2835 et
776 2779 898 2852 pretium
914 2779 1004 2852 possis
1017 2777 1175 2852 adiungere.
1221 2774 1252 2832 T
1246 2783 1315 2834 anta
1335 2777 1408 2833 enim

261 2875 292 2930 t'n
318 2881 342 2930 te
370 2877 445 2950 ugit
469 2878 619 2933 auctoritas
643 2895 725 2952 quam
753 2877 861 2954 i'regem‘o
883 2877 1027 2933 concitasti
1051 2875 1242 2934 uirtutibus
1276 2877 1409 2933 auxisti

261 2972 363 3030 actione
387 2973 498 3048 denique
516 2981 645 3049 perpetua
667 2976 838 3032 coiueruasti
856 2981 888 3032 ul
908 2993 962 3031 nan
983 2975 1070 3032 solum
1093 2975 1278 3049 expectationi
1299 2979 1409 3029 nostrae

262 3071 422 3146 respondeas
435 3072 485 3128 sed
498 3080 524 3130 et
542 3074 675 3148 sapientia
691 3081 739 3131 tua
760 3083 876 3148 superes.
923 3071 954 3129 T
948 3091 985 3130 ua
1005 3074 1080 3131 testis
1100 3079 1140 3129 est
1159 3073 1218 3129 uela
1239 3085 1323 3146 quom
1343 3071 1410 3128 adeo

153 3191 157 3204 ·
261 3167 324 3226 bene
336 3172 470 3245 sapienter
484 3173 635 3248 integreque
648 3171 747 3248 degisti
758 3180 790 3230 sit
795 3184 849 3249 per
861 3190 950 3230 omms
963 3170 1095 3229 honorum
1105 3171 1216 3246 gradus
1229 3170 1410 3245 episcopatum

255 3271 348 3344 pots'iis
377 3272 478 3328 mereri
501 3289 583 3346 quam
610 3270 764 3329 desidecare
792 3278 927 3328 contentus
954 3271 1089 3328 extiteris.
1118 3269 1311 3326 munusculum
1343 3287 1410 3325 uero

261 3376 385 3426 nostrum
406 3387 434 3426 eo
448 3371 616 3444 paternitati
632 3375 695 3427 tuae
712 3369 856 3427 iocundum
870 3388 924 3426 esse
942 3368 1042 3426 eumlil
1060 3385 1113 3443 qua
1131 3367 1178 3424 uel
1190 3373 1294 3443 gratae
1313 3367 1410 3424 menas

255 3476 327 3541 prae
347 3485 374 3523 se
383 3466 452 3543 sert
471 3467 602 3525 indicium
622 3468 668 3525 uel
685 3469 776 3543 aptius
794 3469 909 3543 tempori
923 3467 1172 3541 conuenientiusque
1185 3464 1259 3522 adte
1272 3463 1408 3541 defertur.

261 3581 325 3618 nam
339 3563 502 3640 cumfistus
516 3567 656 3625 oliiiarum
670 3567 726 3624 dies
739 3567 819 3624 instet
831 3569 912 3642 inquo
926 3567 967 3624 ad
977 3566 1097 3622 uenicnti
1107 3564 1214 3620 domina
1227 3562 1308 3619 laetis
1321 3562 1412 3637 pueri

262 3659 370 3718 umilus
383 3661 491 3720 obuiam
502 3665 668 3739 prodi'erunt
683 3673 709 3722 et
725 3665 869 3722 iubilantes
882 3663 1028 3742 lonorpice
1049 3663 1231 3720 decantarunt
1242 3657 1408 3716 Benedictus

261 3759 313 3833 qui
331 3761 407 3817 uenit
426 3761 456 3816 in
478 3765 582 3820 nome'eu
602 3764 708 3821 damini
724 3761 839 3820 Osanna
860 3764 891 3820 in
911 3763 1026 3820 excelsis
1048 3779 1096 3817 nos
1116 3777 1218 3836 quoque
1237 3755 1406 3815 Beatissimo

259 3856 476 3917 Alexandrinae
498 3861 619 3919 crudatis
640 3860 838 3937 archiepiscopo
861 3859 962 3918 Ci‘rillo
983 3860 1047 3916 duce
1070 3859 1155 3934 qiiasi
1171 3857 1282 3932 palmos
1302 3856 1406 3912 aleuas-

260 3975 311 4032 que
332 3962 469 4032 gestantes
493 3966 555 4017 luae
573 3962 741 4034 palernilali
759 3959 866 4017 obuiam
890 3959 1034 4035 prodimus
1058 3957 1219 4035 (prodamus
1244 3952 1316 4030 Me.)
1345 3962 1371 4011 et
1393 3973 1407 4009 e

250 4056 388 4133 ferraria
404 4063 452 4114 lua
465 4077 534 4133 quae
547 4060 693 4117 aduentum
706 4069 784 4118 mum
796 4057 1006 4136 gratulabunda
1023 4059 1108 4134 gestit
1119 4056 1193 4113 lunc
1210 4057 1299 4129 ipsiius
1321 4055 1409 4111 ueluti

255 4155 335 4228 pacis
362 4155 476 4215 obsidem
503 4177 648 4220 sermonem
675 4176 788 4235 egraeca
810 4159 909 4234 lingua
934 4165 979 4214 tuo
1007 4156 1112 4212 nomine
1136 4155 1219 4211 latine
1242 4169 1405 4208 conuersum

296 4315 303 4344 ¹
329 4319 421 4381 Scripsit
443 4320 481 4368 hic
503 4321 633 4369 Franciscus
652 4322 851 4369 Commentariun
871 4321 900 4368 de
919 4319 1075 4367 inuentoribus
1095 4318 1186 4371 artium.
1206 4315 1404 4379 Epigrammatam

261 4399 369 4456 libellum,
382 4403 554 4464 Disquisitiones
566 4405 744 4451 Astronornicas.
779 4403 809 4466 (V
810 4402 896 4466 ghellus
908 4405 930 4450 in
944 4402 1007 4449 ltalia
1019 4401 1094 4454 Sacra,
1108 4401 1136 4446 ll.
1150 4399 1215 4463 592).

296 4483 305 4510 ²
324 4487 390 4533 llrrnc
401 4488 493 4534 titulum
507 4488 576 4534 serior
588 4501 667 4533 manus
678 4487 771 4534 addidit.
