3118 5054
268 392 346 450 xxxii
657 387 1018 452 PROLEGOMENA.

270 575 379 633 tionem
393 576 432 633 ita
446 576 584 634 accidisse
598 574 717 636 iudicet
745 577 774 635 A
788 575 954 635 LXXIV.6
970 577 1007 636 ad
1022 575 1205 635 LXXXVII.
1217 596 1243 648 4,
1258 576 1283 636 si
1295 577 1416 634 omittas

271 671 581 745 LXXV-LXXVII,
604 693 706 734 uersus
733 687 800 734 sunt
825 675 976 751 sexaginta
1003 685 1079 734 octo.
1132 674 1178 732 Ex
1205 673 1250 733 his
1277 683 1418 750 quattuor

270 772 395 848 paginae
415 791 552 833 uersuum
571 773 697 834 sedecim
717 784 745 834 et
764 774 962 852 septendecim
981 775 1183 834 alternantium
1201 774 1362 833 efficiuntur
1384 785 1419 833 et

271 871 331 930 duo
344 889 454 941 uersus,
467 871 497 929 h.
508 890 533 930 e.
550 873 658 940 ⁶6÷2.
701 872 814 933 Primae
828 875 953 950 paginae
968 874 1086 933 ultimus
1102 891 1204 932 uersus
1222 873 1274 932 fuit
1287 872 1414 931 LXXX.

272 987 290 1044 3
312 967 403 1028 Mane
426 971 501 1029 mmo
524 991 585 1030 cum
608 973 680 1042 exa,
703 973 849 1032 secundae
871 972 1027 1032 LXXXII.
1049 991 1068 1045 4
1093 971 1152 1030 Est
1171 973 1255 1030 oadal·
1277 989 1324 1030 seu
1345 971 1422 1046 quat!

270 1067 370 1127 tertiae
387 1068 554 1129 LXXXIV.
569 1089 606 1128 10
623 1070 694 1131 Cum
713 1072 799 1130 sabio
816 1071 937 1149 afferircr
954 1074 1067 1130 minuas
1085 1071 1237 1140 horrr'bdri,
1252 1071 1277 1129 si
1295 1071 1415 1129 omittas

270 1186 318 1226 uu.
335 1186 362 1242 3,
378 1188 395 1241 4
417 1169 467 1246 qui
487 1169 517 1227 in
538 1170 686 1232 codicibus
707 1180 774 1248 post
793 1190 822 1229 ιι.
840 1190 877 1229 ιο
896 1170 1037 1248 leguntur,
1055 1181 1173 1248 quartae
1191 1167 1375 1229 LXXXVII.
1392 1189 1416 1240 4

273 1263 385 1336 Ouania
404 1268 435 1325 in
454 1285 547 1327 canore
565 1275 610 1326 ito
629 1285 669 1328 ex
681 1277 764 1344 parte
783 1275 889 1344 reperio
909 1288 967 1327 mea
986 1276 1033 1327 est.
1076 1269 1145 1327 Hoc
1158 1287 1260 1327 uerum
1278 1285 1343 1326 esse
1359 1268 1414 1326 de·

270 1375 410 1424 monstrat
420 1365 503 1426 locus
513 1384 651 1426 uersuum
663 1385 690 1442 3,
700 1385 728 1440 4,
739 1367 788 1444 qui
800 1384 867 1426 cum
878 1387 896 1426 a
906 1367 1040 1426 scribain
1050 1385 1103 1425 sua
1117 1366 1186 1425 sede
1200 1365 1299 1424 omissi
1313 1373 1415 1424 essent

269 1472 388 1540 propter
402 1465 518 1522 aissaiiins
533 1465 605 1524 inu.
622 1484 638 1523 a
654 1475 683 1524 et
697 1486 715 1539 4
729 1466 774 1525 bis
788 1467 949 1542 repetitum,
964 1465 994 1523 in
1011 1465 1068 1523 line
1086 1465 1208 1541 paginae
1223 1464 1320 1539 scripti
1334 1471 1413 1535 sunt,

269 1577 393 1638 eamque
407 1564 560 1622 stationem
574 1563 661 1622 hodie
676 1565 704 1622 in
718 1563 855 1623 omnibus
868 1564 1017 1623 codicibus
1032 1563 1149 1622 babent.
1190 1562 1291 1621 Fuisse
1312 1572 1413 1620 autem

269 1667 393 1735 tempus,
407 1678 467 1736 quo
480 1663 604 1738 paginae
618 1661 745 1721 sedecim
760 1673 788 1722 et
805 1663 1003 1739 septendecim
1020 1680 1157 1721 uersuum
1177 1679 1208 1720 se
1224 1669 1412 1738 exceperunt,

269 1755 485 1836 hincapparet.
526 1760 607 1819 Inter
623 1760 730 1820 LXIV.
748 1763 805 1836 386
828 1770 896 1838 post
916 1779 1004 1837 quem
1028 1779 1145 1819 uersum
1165 1760 1282 1820 codices
1302 1759 1414 1818 habent

268 1856 449 1934 Languidior
474 1866 566 1918 mero
591 1861 642 1918 aa·
658 1862 776 1935 pendens
802 1861 890 1918 situla
917 1859 974 1917 beta
1002 1870 1031 1919 et
1058 1858 1183 1917 LXVII.
1205 1877 1239 1916 ar
1265 1859 1315 1916 ubi
1340 1874 1412 1916 uere

269 1959 392 2035 scriptus
414 1970 467 2032 est,
489 1978 590 2020 uersus
612 1971 679 2021 suut
702 1963 755 2019 161
777 1969 806 2019 et
830 1959 889 2018 duo
910 1957 990 2017 tituli.
1033 1957 1090 2018 His
1110 1958 1192 2017 adice
1213 1958 1288 2017 duos
1307 1975 1411 2016 uersus

269 2056 299 2115 h.
309 2075 335 2115 e.
357 2056 480 2116 LXVII.
498 2079 531 2118 ar
559 2060 604 2119 bis
628 2060 796 2136 repetitum;
822 2057 942 2116 efficitur
964 2075 1078 2116 summa
1104 2058 1169 2130 165,
1192 2056 1219 2116 h.
1232 2075 1257 2115 e.
1280 2057 1410 2134 quinque

268 2157 392 2233 paginae
417 2175 553 2217 uersuum
579 2176 627 2233 33,
652 2159 755 2218 decem
778 2167 877 2216 autem
902 2159 937 2215 16
960 2167 989 2215 et
1015 2171 1048 2230 17
1075 2157 1284 2216 alternantium.
1326 2157 1411 2216 idem

268 2257 396 2332 sequitur
417 2276 453 2316 ex
474 2257 575 2316 iterato
594 2256 735 2315 LXVIII.
751 2258 804 2328 r6;
825 2257 943 2315 iteratus
963 2263 1008 2314 est
1028 2255 1106 2314 enim
1128 2255 1276 2314 interuallo
1292 2273 1329 2329 33
1343 2271 1412 2313 uer-

268 2371 371 2426 suum3
404 2365 492 2416 etex
515 2356 647 2414 uersibus
676 2355 729 2414 illis
754 2352 822 2413 Non
848 2355 1162 2430 assus-quaeritando,
1186 2354 1236 2430 qui
1264 2355 1288 2412 si
1313 2353 1410 2412 titulos

267 2453 373 2512 adicias
388 2454 492 2513 eodem
506 2454 656 2513 interuallo
670 2454 773 2513 absunt
787 2471 805 2512 a
822 2452 910 2511 Tanto
928 2461 953 2512 te
971 2455 1000 2511 r'n
1010 2454 1098 2531 sustu
1117 2453 1166 2512 ubi
1182 2471 1251 2512 uere
1264 2452 1410 2512 scribendi

267 2547 372 2612 creanti
414 2551 517 2630 Itaque
531 2563 598 2630 post
612 2551 750 2611 LXXIV.
766 2554 783 2610 6
805 2562 942 2629 quattuor
960 2553 1085 2628 paginae
1108 2556 1143 2610 1⁶
1163 2561 1192 2610 et
1210 2565 1244 2626 17
1265 2551 1410 2610 alteman-

267 2653 339 2712 tium
362 2671 499 2712 uersuum
522 2653 699 2724 exciderunt,
722 2653 844 2713 sortasse
865 2652 921 2712 hoc
942 2652 1041 2712 modo.
1096 2651 1197 2712 Scriba
1221 2653 1251 2710 in
1273 2653 1411 2711 manibus

267 2749 391 2809 habebat
409 2748 584 2826 exemplum,
598 2751 629 2808 in
642 2767 702 2828 quo
720 2751 858 2827 paginam
876 2749 1016 2810 clauserat
1033 2749 1171 2808 LXXIV.
1185 2753 1214 2809 ⁶.
1255 2749 1410 2809 Proximae

268 2865 286 2920 4
311 2849 443 2925 paginae,
468 2865 543 2925 quae
569 2867 588 2906 a
615 2849 697 2908 titulo
726 2867 751 2908 c.
777 2847 938 2906 LXXVIII
968 2848 1151 2924 incipiebant,
1184 2849 1280 2907 finitae
1310 2858 1409 2908 autem

267 2957 335 3007 sunt
361 2965 447 3006 uersu
471 2946 655 3005 LXXXVII.
679 2964 706 3019 4,
735 2965 752 3005 e
779 2946 849 3006 sede
875 2963 929 3006 sua
955 2957 1052 3005 motae
1080 2957 1171 3006 erant.
1213 2948 1316 3024 Itaque
1339 2963 1408 3006 eum

267 3044 406 3104 LXXIV.
430 3046 448 3102 ⁶
477 3045 636 3121 scripsisset
668 3044 778 3105 transiit
812 3045 850 3104 ad
878 3043 948 3102 Huc
976 3051 1016 3102 est
1042 3063 1116 3103 mens
1145 3045 1258 3104 deducta
1287 3063 1344 3105 nec
1370 3045 1410 3106 ad

267 3143 379 3219 priores
416 3143 478 3202 illas
511 3144 634 3220 paginas
670 3143 753 3203 rediit
787 3144 883 3202 donec
919 3143 958 3202 ad
991 3143 1081 3202 finem
1116 3153 1237 3204 uenerat
1273 3144 1410 3203 canuinis

267 3241 422 3302 LXXVII.
471 3242 553 3302 Hinc
573 3255 668 3303 ortum
692 3244 781 3303 credo
802 3243 883 3320 quod
904 3243 988 3303 huius
1009 3243 1102 3302 rultimi
1124 3262 1235 3316 uersus,
1258 3242 1317 3302 Sed
1336 3263 1410 3302 minc

266 3343 301 3400 rii
316 3341 506 3413 doleo-anm,
526 3361 544 3401 a
563 3339 629 3402 loco
651 3359 705 3402 suo
725 3361 777 3420 per
794 3359 921 3402 errorem
943 3342 1070 3402 translati
1093 3353 1158 3401 sunt
1179 3344 1217 3402 ad
1237 3343 1326 3402 finem
1347 3361 1410 3402 car-

267 3441 354 3500 minis
378 3439 549 3499 LXXVIII.
598 3439 676 3498 Nam
704 3442 818 3500 turbato
845 3440 936 3499 semel
960 3460 1012 3518 per
1035 3441 1138 3500 uitium
1161 3441 1264 3500 ordine
1286 3441 1410 3517 pagina·

267 3557 340 3610 rum,
355 3538 465 3598 facilius
481 3541 511 3598 in
528 3539 665 3599 iuncturis
682 3540 752 3598 noui
766 3557 878 3599 errores
892 3540 1109 3600 inducebantur.
1151 3539 1234 3610 Illud,
1248 3549 1283 3598 ut
1294 3541 1407 3616 opinor,

267 3636 387 3696 dubium
406 3639 514 3696 nemini
533 3639 593 3709 erit,
607 3639 724 3699 codices
738 3639 789 3716 qui
806 3639 893 3697 hodie
912 3649 1073 3714 supersunt,
1088 3638 1126 3697 ab
1140 3638 1296 3714 archetypo
1314 3637 1408 3714 longo

267 3736 416 3796 intentallo
430 3737 544 3797 distare.
585 3735 752 3814 Archetypo
766 3737 915 3796 tribuimus
930 3755 1082 3796 numerum
1100 3755 1184 3798 suum
1202 3738 1247 3808 16,
1262 3737 1323 3796 siue
1337 3737 1406 3796 sim-

300 3951 310 3982 ²
334 3955 464 4004 Schwabius
481 3957 604 4004 existumat
620 3956 717 4004 scribam
735 3956 852 4018 archetypi
871 3956 989 4004 reductum
1010 3955 1078 4003 initiis
1098 3955 1206 4002 similibus
1225 3963 1334 4016 quattuor
1355 3969 1407 4002 uer·

266 4053 333 4085 suurn
346 4039 451 4087 LXXIV.
460 4037 476 4087 6
486 4041 556 4086 Nunc
568 4039 707 4086 LXXXVII.
721 4051 731 4085 r
745 4037 821 4085 Nullo
838 4051 852 4100 3
864 4038 940 4086 Nullo
952 4037 1067 4085 LXXV.1
1081 4037 1150 4084 Hune
1161 4037 1208 4083 duo
1219 4037 1294 4084 media
1305 4037 1407 4088 omisisse

266 4120 362 4168 disticha
374 4137 433 4183 quae
444 4131 523 4182 postea
534 4123 630 4185 margini
642 4123 737 4182 ascripta
749 4122 801 4170 loco
813 4136 855 4168 suo
865 4121 928 4182 pulsa
940 4120 1031 4169 iuterim.

300 4202 310 4231 '
325 4205 412 4252 Eadem
424 4205 588 4252 {enumeratio
601 4213 634 4251 est
647 4205 780 4251 iteratorum
791 4217 896 4250 uersuum
909 4203 936 4251 L.
947 4199 984 4258 16,
996 4211 1024 4263 17
1036 4203 1095 4256 Hoc,
1107 4203 1208 4259 iocunde,
1219 4202 1260 4250 tibi
1270 4201 1406 4264 Moesici

267 4287 307 4336 Eur
322 4303 367 4352 quo
379 4289 516 4350 perspiceres
532 4303 607 4334 meum
622 4287 732 4335 dolorem.
765 4286 826 4333 Nam
840 4301 854 4333 a
867 4287 894 4334 L.
906 4297 935 4348 15
947 4286 977 4332 ad
989 4285 1071 4334 LIV.1
1086 4295 1137 4347 post
1149 4302 1217 4348 quem
1229 4301 1318 4334 uersum
1330 4287 1405 4334 iterati

268 4380 320 4420 sunt
334 4370 358 4417 in
372 4371 494 4428 munau,
505 4383 536 4432 33
548 4385 624 4418 uersus
640 4379 692 4417 sunt
707 4369 724 4416 si
741 4369 819 4417 titulos
837 4368 927 4424 adicias,
939 4383 980 4416 nec
996 4383 1099 4416 numeres
1115 4384 1205 4417 uersum
1221 4369 1259 4431 qui
1274 4378 1326 4430 post
1339 4369 1405 4432 LI?

266 4453 360 4502 ιιιιὶιιιιι
372 4464 413 4504 est.
