3118 5054
184 375 232 434 xiv
573 373 934 436 PROLEGOMENA.

183 577 230 636 uel
250 573 453 646 amanuensis3
475 573 499 632 si
518 573 558 632 ad
578 591 755 650 cognomen,
778 593 853 652 quae
874 584 907 634 ut
927 573 1071 650 Lessingii
1092 573 1131 632 ita
1151 571 1252 648 opinio
1272 569 1326 630 fuit

185 674 322 749 Scaligeri
341 683 370 732 et
383 671 546 731 Beniamini
560 673 672 743 lowen,
687 673 859 733 Franciscus
879 673 916 733 de
935 672 1062 732 Calamis
1083 671 1205 732 sortasse
1225 669 1325 747 appel-

183 773 258 832 latus
272 781 324 831 est.
367 770 402 829 In
417 789 445 829 u.
461 789 479 842 4
494 771 626 830 nonnulli
640 771 758 831 codices
775 772 884 832 habent
899 792 1019 844 cursum,
1034 789 1096 830 non
1114 770 1230 840 Turbae,
1245 767 1326 845 quod

185 873 291 933 Naakii
309 871 416 931 iudicio
434 870 471 930 de
491 889 528 930 eo
547 871 657 944 dicitur,
672 873 722 948 qui
741 881 824 931 notat
842 873 895 932 iter
909 871 1116 949 praetereuntis
1130 869 1256 930 Cursum
1270 867 1327 947 (the

187 969 297 1050 Corsa).
341 969 451 1028 Turbae
468 970 545 1028 bene
562 970 755 1046 interpreteris
770 970 857 1030 deco
872 971 921 1048 qui
935 970 982 1029 uel
997 971 1035 1029 ad
1048 979 1162 1046 portam
1180 967 1259 1027 urbis
1278 965 1327 1025 uel

185 1072 215 1130 in
230 1079 320 1148 ponte
334 1069 497 1128 consistens
511 1067 568 1128 huc
582 1069 649 1127 illuc
663 1079 878 1144 praetereuntes
891 1079 981 1128 notat.
1023 1067 1059 1126 In
1072 1087 1100 1126 u
1113 1069 1131 1125 6
1143 1067 1255 1136 modalis,
1271 1066 1327 1124 sub

185 1189 245 1248 quo
267 1170 371 1231 Catulli
392 1170 490 1229 clausa
514 1187 641 1245 papyrus
664 1180 732 1240 erat
756 1169 907 1229 manifeste
930 1170 1084 1230 translatus
1105 1179 1149 1228 est
1170 1169 1207 1228 de
1227 1167 1328 1227 Lucae

184 1269 282 1328 uerbis
300 1268 354 1327 XI.
370 1285 407 1343 33
430 1265 554 1346 (Haupt
570 1265 691 1339 Quaest.
710 1287 740 1345 p.
756 1264 812 1344 8¹),
832 1286 1000 1346 quanquam
1020 1269 1051 1326 in
1073 1279 1132 1326 tam
1152 1268 1329 1341 αἰνιγματωὸεῖ

185 1367 314 1428 carmine
335 1384 397 1426 non
418 1366 493 1425 adeo
512 1376 591 1425 certa
610 1377 654 1425 est
672 1367 815 1430 sententia
833 1375 864 1426 ut
883 1384 944 1426 non
958 1385 1026 1426 uere
1042 1368 1096 1426 sub
1110 1367 1215 1425 horreo
1229 1365 1327 1440 aliquo

185 1466 256 1525 liber
271 1465 387 1541 reperiri
401 1464 536 1541 potuerit.

226 1562 324 1621 Venio
351 1563 390 1621 ad
417 1579 518 1620 uersus
545 1561 672 1638 primum
699 1561 897 1638 alterumque:
925 1579 1001 1638 quos
1026 1559 1156 1621 Naekius
1180 1560 1328 1637 Hauptius

187 1661 356 1720 Schwabius
377 1661 418 1719 sic
438 1661 677 1736 interpretantur:
699 1660 768 1719 ‘nd
780 1660 930 1720 Veronam
947 1661 1069 1737 patriam
1087 1660 1176 1719 redeo
1190 1657 1329 1738 (loquitur

187 1759 316 1819 ‘Catulli
336 1756 419 1836 liber)
441 1759 536 1836 longis
557 1759 593 1819 de
615 1759 721 1819 finibus
741 1761 791 1819 ubi
813 1760 879 1820 exul
899 1758 949 1831 fui,
969 1760 1031 1818 be.
1047 1760 1085 1817 ab
1104 1759 1218 1832 inseris;
1240 1777 1329 1818 causa

187 1859 319 1918 ‘reditus
340 1868 546 1918 conterraneus
567 1857 627 1930 fuit,
646 1858 675 1916 h.
687 1877 712 1917 e.
726 1858 924 1918 Veronensis!
966 1856 1082 1930 Quibus
1102 1858 1199 1916 uerbis
1219 1856 1328 1933 signifi-

187 1967 269 2016 catur
296 1955 402 2016 Catulli
430 1956 501 2015 liber
528 1967 685 2034 postquam
717 1957 766 2016 diu
793 1956 928 2017 Veronae
959 1956 1090 2015 latuisset
1120 1974 1138 2013 a
1164 1954 1330 2014 Veronensi

187 2057 292 2115 iterum
305 2056 336 2114 in
355 2055 452 2114 lucem
473 2065 636 2130 protractus
658 2054 753 2113 luisse.
795 2053 842 2112 De
856 2072 942 2112 uersu
959 2072 974 2110 a
990 2063 1068 2112 recte
1087 2053 1213 2112 iudicare
1226 2053 1329 2112 uiden-

187 2164 250 2226 tur;
271 2171 332 2212 non
352 2154 422 2211 item
443 2153 480 2212 de
501 2152 604 2228 primo.
646 2151 718 2212 Non
738 2152 817 2211 enirn
836 2152 878 2209 ad
890 2154 1016 2227 patribm
1036 2153 1129 2209 uem're
1148 2169 1244 2229 neque
1261 2151 1333 2209 exul

187 2251 281 2312 dictus
298 2261 374 2310 esset
387 2251 437 2328 qui
456 2261 532 2310 esset
550 2251 580 2308 in
598 2251 697 2327 patria,
712 2261 789 2310 certe
811 2252 910 2311 addito
930 2253 1020 2328 tows
1040 2252 1071 2308 de
1083 2251 1193 2328 fint'bus
1200 2271 1216 2319 ‚·
1237 2249 1285 2309 uel
1298 2259 1331 2309 ut

186 2351 234 2410 alii
254 2349 371 2409 codices
390 2349 500 2408 habent
519 2350 610 2426 longis
630 2351 780 2409 erroribus.
822 2350 946 2421 Deinde,
961 2351 1042 2427 quod
1061 2349 1228 2409 Schwabius
1247 2361 1330 2410 autu·

187 2459 257 2520 mat,
271 2449 375 2508 libnrm
389 2449 439 2526 qui
453 2449 569 2508 saeculo
584 2449 613 2506 X
627 2469 663 2508 ex
677 2449 868 2509 bibliothecae
882 2451 998 2527 capituli
1012 2451 1191 2510 Veronensis
1205 2451 1331 2510 tenebris

188 2555 350 2626 protractus
368 2557 445 2606 esset
463 2545 643 2619 aRatherio‚
657 2567 729 2608 mox
747 2558 844 2607 autem
863 2550 961 2609 denuo
979 2550 1009 2607 in
1029 2551 1162 2608 tenebras
1183 2549 1331 2608 recidisset

188 2655 218 2704 et
232 2661 284 2722 per
297 2653 442 2703 trecentos
461 2645 584 2720 amplius
605 2664 699 2705 annos
713 2646 850 2706 Veronae
870 2648 981 2706 nemini
994 2659 1082 2706 notus
1095 2647 1237 2716 iacuisset,
1251 2646 1330 2706 hunc

189 2744 316 2802 eundem
329 2743 434 2802 librum
446 2744 563 2802 ineunte
578 2745 694 2805 saeculo
709 2745 782 2803 XIV
797 2765 815 2804 a
827 2746 991 2806 Veronensi
1005 2747 1068 2806 ciue
1082 2765 1180 2805 rursus
1193 2745 1331 2806 Veronae

188 2852 336 2918 repertum
359 2859 432 2912 esse,
454 2842 526 2901 haec
550 2844 683 2920 cupidius
704 2845 775 2903 mihi
798 2845 911 2904 uidetur
934 2846 1048 2904 dixisse.
1091 2843 1169 2903 Nam
1191 2855 1224 2904 ut
1245 2855 1332 2906 antea

189 2940 249 2999 dixi
264 2959 359 3018 neque
373 2941 452 3000 unde
467 2940 613 3001 Catullum
626 2944 798 3018 protraxerit
809 2943 963 3003 Ratherius
978 2944 1085 3002 scimus
1095 2961 1191 3020 neque
1202 2943 1252 3001 ubi
1263 2961 1331 3001 eum

189 3038 352 3114 reliquerit;
381 3057 435 3097 nec
456 3039 539 3098 facile
560 3039 731 3099 crediderim
751 3041 939 3101 Veronenses
962 3041 1049 3100 latere
1074 3041 1202 3117 potuisse
1226 3051 1332 3117 poetae

188 3135 295 3196 librum
316 3137 427 3214 inquo
448 3147 599 3214 tantopere
621 3138 825 3213 gloriabantur,
847 3141 871 3199 si
895 3141 925 3198 in
947 3139 1067 3199 Verona
1086 3140 1201 3200 relictus
1222 3139 1331 3197 suisset.

189 3235 266 3296 Illud
280 3236 376 3313 potius
390 3236 459 3295 dicit
467 3256 475 3308 ;
496 3255 528 3296 se
543 3239 580 3296 ab
594 3235 701 3298 ultimis
714 3239 793 3297 orbis
808 3238 913 3298 finibus
926 3239 976 3297 ubi
995 3239 1025 3297 in
1041 3238 1127 3297 exilio
1146 3236 1275 3296 laurisset
1293 3236 1331 3296 ad

224 3533 232 3563 ¹
249 3535 321 3584 Simili
338 3536 409 3582 modo
428 3535 522 3596 scriptor
539 3536 708 3600 epigrammatis
725 3537 808 3585 seruati
826 3538 850 3584 in
866 3537 943 3585 codice
961 3551 1020 3586 saec.
1031 3536 1096 3592 XIII,
1107 3536 1146 3599 qui
1159 3543 1193 3584 est
1205 3536 1233 3583 de
1245 3533 1331 3583 Trans·

191 3621 278 3669 latione
290 3619 397 3667 Thomae
409 3620 518 3683 Martyris
530 3621 600 3683 (sibl,
612 3622 676 3670 Publ.
688 3621 756 3670 Cant.
768 3623 798 3670 D,
810 3622 832 3670 d.
843 3621 885 3670 XI.
898 3619 928 3684 78
947 3621 963 3669 f.
977 3621 1027 3682 25)-

447 3763 497 3810 eus
508 3764 584 3811 modio
595 3764 681 3820 lumen,
692 3781 769 3812 meur
779 3765 820 3812 aab
831 3765 896 3813 clauc
907 3765 1021 3826 sepultus,-

450 3845 507 3892 Nos
518 3846 616 3894 andrum
624 3848 717 3909 prodest
727 3847 811 3904 lumen,
822 3848 879 3894 dum
889 3848 948 3896 lucet
959 3848 983 3894 in
994 3847 1049 3896 olto.

225 3997 287 4044 Beda
303 3996 327 4043 in
339 3996 392 4044 Vita
409 3997 431 4046 S.
443 3997 564 4045 Cuthberti
576 3997 641 4054 XXI,

721 4091 856 4156 populisque
866 4092 972 4156 regendis

452 4172 600 4237 Praeficimr,
612 4174 688 4223 modio
698 4175 770 4223 lateat
781 4191 808 4222 ne
819 4184 876 4223 tecto
888 4176 991 4224 lucerna.

224 4303 323 4365 Scriptor
334 4303 483 4352 Praelationis
492 4304 625 4353 chronicon
637 4305 771 4354 Monasterii
783 4307 811 4354 de
824 4307 906 4363 Melta,
918 4313 924 4333 ¹
936 4307 997 4356 Tum
1008 4309 1062 4372 quia
1075 4318 1108 4357 tot
1122 4319 1143 4358 et
1157 4309 1214 4358 sats
1228 4308 1334 4356 laceram

191 4386 233 4434 sub
245 4387 320 4434 modio
331 4386 419 4435 lateant
429 4387 588 4436 absondita!
