3118 5054
575 393 933 456 PROLEGOMENA.
1293 393 1321 448 ix

177 575 228 654 qui
259 597 277 638 a
310 577 415 638 Catulli
447 580 521 640 luno
550 579 694 657 profluere
725 591 889 656 potuerunt.
940 577 1074 640 Guilelm.
1103 576 1257 636 Malmesb.
1284 575 1322 633 II.

178 677 194 753 ξ
217 693 272 754 159
297 678 400 738 Maler
418 682 526 755 puellae
548 701 617 756 quae
644 680 849 738 corecube'realum
868 680 951 756 fileae
974 680 1170 754 dedignaretur
1193 675 1323 734 ancillam

176 777 276 834 adara
296 781 382 836 noctes
401 779 518 838 terebris
534 778 621 836 cubili
637 781 769 854 uppusun,
783 780 920 854 uirginem
934 797 1000 836 sane
1019 796 1066 834 nec
1086 777 1257 852 emhganIem
1277 793 1324 830 nec

176 875 325 949 ellepeaam.
362 875 398 935 cf.
414 876 477 936 Cat.
492 877 529 936 X.
545 895 573 952 3,
588 897 607 948 4
629 875 801 946 ScorleIlum,
822 883 854 934 u!
872 877 945 934 mehe
963 883 1020 934 lum
1042 881 1146 951 repenle
1164 875 1255 932 ursum
1275 879 1323 942 esl,

177 973 241 1034 Nec
261 993 333 1034 saue
350 976 489 1050 e'llepr'dum
510 978 759 1034 normanorum.
801 973 930 1033 Gualteri
943 972 1148 1033 Alexandreia.
1163 971 1247 1030 VIII.
1264 973 1324 1046 385

178 1069 230 1130 Sir
242 1091 346 1148 qnoque
359 1073 446 1132 mulla
464 1076 541 1148 cupa
557 1091 627 1148 quae
645 1092 698 1132 non
715 1076 799 1148 capes.
828 1072 863 1132 cs.
880 1070 942 1132 Can
958 1071 1053 1130 LXII.
1071 1085 1126 1147 197
1152 1069 1228 1141 Quae
1247 1071 1325 1144 nepe's

177 1172 264 1246 capes.
308 1169 367 1229 Sed
381 1170 454 1230 haec
468 1172 585 1242 incerta,
599 1188 655 1230 nec
669 1187 837 1246 quenquam
851 1169 987 1230 nouImus
1001 1170 1051 1245 qui
1071 1179 1140 1246 post
1154 1167 1323 1226 Ratherium

179 1266 287 1326 Casuli
300 1267 407 1326 librum
423 1268 524 1344 legerit
542 1278 610 1326 ante
629 1285 738 1326 annum
756 1285 842 1342 1³²9·
883 1267 930 1325 Eo
944 1285 1023 1328 nimo
1037 1267 1176 1343 scriptum
1190 1275 1233 1324 est
1247 1265 1324 1322 flori·

178 1365 288 1442 legium
316 1365 470 1425 moralium
502 1367 704 1425 auctoritatum
731 1365 812 1442 quod
839 1375 897 1424 tres
924 1383 1026 1424 uersus
1054 1363 1158 1430 Camlli
1185 1363 1325 1432 contiuet,

179 1463 281 1522 XXII.
293 1482 401 1537 ¹9-21·
431 1464 460 1524 Is
474 1463 555 1534 liber,
569 1481 658 1540 quem
671 1463 807 1524 Veronae
821 1464 851 1522 in
866 1463 1046 1522 BibIIotheca
1060 1461 1217 1539 Capitulari
1231 1480 1324 1537 nuper

178 1561 292 1622 inuenit
320 1562 515 1633 Detlefsenus,
540 1580 577 1621 ex
605 1561 709 1621 eodem
738 1563 874 1640 exemplo
901 1580 960 1639 quo
987 1579 1056 1622 usus
1084 1571 1145 1620 erat
1169 1560 1324 1620 Ratheiius

179 1662 370 1738 transcriptus
398 1662 523 1721 creditur
551 1679 569 1720 a
597 1661 758 1721 Schwabio.
814 1661 882 1732 Sed,
911 1673 943 1720 ut
973 1671 1058 1720 autea
1089 1661 1157 1731 diui,
1185 1659 1255 1718 nihil
1286 1658 1323 1718 de

180 1758 314 1818 Ratherii
326 1760 401 1820 libro
418 1760 577 1820 memoriae
593 1761 730 1820 traditum
748 1770 801 1832 est,
815 1777 911 1837 neque
929 1759 985 1818 hoc
1002 1779 1038 1818 ex
1052 1761 1261 1836 epIgrnmmate
1275 1756 1324 1814 illo

180 1859 219 1918 de
240 1876 301 1936 quo
322 1878 393 1920 mox
414 1861 542 1920 dicturus
566 1879 632 1920 sum
652 1861 705 1918 Aa
720 1859 855 1918 Patriam
878 1862 956 1918 uem'o
976 1860 1064 1936 Iongr's
1084 1861 1115 1916 de
1127 1859 1236 1935 fine'bus
1256 1857 1327 1916 exul

180 1959 244 2018 iure
257 1958 409 2034 coIIIgitus.
441 1957 580 2018 ceterum
594 1958 700 2018 eodem
714 1958 773 2018 fere
787 1969 919 2036 tempore
934 1957 1096 2018 Guilelmus
1110 1957 1324 2031 Postrengicus,

181 2059 234 2135 qui
247 2059 320 2118 uixit
333 2059 410 2120 circa
427 2061 614 2135 ¹²95·¹3⁶⁰·
629 2061 668 2119 ab
681 2061 793 2137 oppido
811 2071 909 2120 autem
928 2059 1089 2136 appellatus
1106 2058 1245 2134 estquod
1263 2074 1324 2115 non

180 2157 272 2234 longe
291 2158 376 2218 abest
396 2177 414 2216 a
434 2157 563 2230 Verona,
584 2159 613 2218 iu
636 2158 708 2217 libro
730 2176 819 2235 quem
843 2159 957 2236 scripsit
980 2159 1017 2218 de
1039 2157 1207 2234 Originibus
1227 2173 1322 2214 rerum

180 2267 309 2334 quatuor
333 2256 404 2316 locis
429 2254 534 2315 Catulli
558 2258 736 2316 mentionem
759 2256 834 2316 feeit.
876 2256 952 2328 Hos,
978 2258 1016 2316 ab
1038 2256 1169 2332 Hauptio
1190 2251 1324 2334 (Quaest.

181 2365 210 2430 p.
227 2367 255 2426 5,
271 2351 303 2430 6)
324 2365 487 2431 excerptos,
512 2356 644 2431 apposui.
698 2355 744 2434 (1)
766 2374 795 2433 p.
814 2357 868 2413 16⁰
889 2356 1022 2416 editionis
1045 2355 1196 2414 Michaelis
1218 2352 1325 2428 Angeli

180 2449 297 2524 Blondi,
320 2470 395 2528 quae
417 2453 524 2529 prodiit
545 2453 675 2512 Venetiis
700 2473 725 2512 a.
748 2453 936 2513 MDXLVII.
981 2453 1101 2512 Bencius
1122 2451 1325 2528 Langobardus

176 2557 266 2626 gena,
281 2553 380 2626 patrea
400 2553 626 2622 Alexandrinus,
651 2551 857 2629 Cazmgrmro
875 2551 978 2631 (Canis
993 2548 1128 2630 granas)
1145 2553 1242 2626 premi,
1264 2550 1325 2606 ande

181 2655 304 2724 mpetum
317 2651 509 2720 cancellarius,
523 2669 640 2726 magnae
652 2652 824 2709 Ir'lteralurae
837 2653 894 2724 uir,
908 2653 1026 2709 omnium
1040 2650 1325 2726 historiographorum

180 2751 288 2824 scre'pla
304 2750 472 2825 complectens
490 2755 517 2806 e!
531 2767 551 2807 a
569 2750 668 2808 mundi
677 2753 871 2809 contraeunte
883 2751 1030 2808 exoratam
1044 2767 1151 2808 sumens
1165 2755 1326 2806 cunctarum

177 2848 303 2922 gmtr'rem
324 2849 464 2904 naitanum
486 2867 582 2923 regum
596 2849 811 2924 populorumque
830 2851 950 2906 omm'um
974 2849 1061 2907 se'rnul
1077 2853 1156 2924 gesla
1178 2848 1326 2916 contexam,

181 2955 249 3020 epus
257 2947 377 3022 grande,
393 2945 517 3003 uolumen
531 2949 697 3016 e'rnmemum,
711 2948 785 3022 quod
800 2950 829 3005 e'n
847 2953 904 3006 lres
922 2948 1058 3006 inmensus
1076 2954 1116 3005 es!
1129 2952 1232 3022 partes,
1247 2952 1279 3002 ut
1295 2945 1326 3000 de

182 3045 231 3101 illo
249 3044 308 3102 dici
320 3047 411 3120 possi!
429 3045 504 3120 prad
520 3046 619 3103 scribit
638 3043 796 3104 Veronensis
810 3053 889 3121 porra
908 3048 997 3104 de'cens
1010 3045 1107 3103 Ausus
1128 3046 1232 3121 que'dem
1255 3062 1326 3100 unus

183 3141 325 3200 Italorum
348 3163 422 3200 omne
442 3161 539 3201 aeuum
562 3143 652 3201 tre'bm
673 3144 815 3218 exple'eare
837 3145 944 3203 chartis
966 3153 992 3204 ,1,
1014 3143 1196 3201 uoluminibus
1218 3139 1326 3216 Iupe'ler

182 3243 268 3298 doctis
287 3247 314 3298 e!
332 3241 492 3300 laboriosas!
536 3243 582 3315 (a)
604 3261 633 3319 p.
653 3240 709 3300 18b
729 3243 880 3302 ‘Catullus
901 3243 1059 3301 Veronensis
1073 3249 1162 3316 poeta,
1185 3240 1327 3300 Ciceronis

182 3345 353 3410 ⁴coetaneus,
375 3340 479 3398 librum
503 3343 586 3398 uario
609 3348 758 3398 metrorum
777 3361 877 3418 genere
899 3347 1059 3410 exararem,
1084 3341 1170 3398 mulla
1195 3341 1281 3396 torosa
1302 3343 1329 3394 et

183 3445 190 3470 ⁸
200 3440 308 3515 placila
317 3440 500 3510 conlenenlem,
510 3439 657 3498 scolasle'crs
666 3440 805 3516 legendum
819 3441 937 3500 lrade'de'r
949 3437 1331 3500 Prolholomoee'Alexandre'

183 3537 386 3612 ‘muporibus'
436 3534 481 3616 (3)
502 3555 531 3613 p.
547 3539 605 3612 85Ιι
628 3537 828 3597 ‘Mamurram
852 3539 1010 3598 Romanum
1037 3541 1174 3614 nequirem,
1198 3536 1326 3594 Formias

184 3647 191 3668 ⁸
207 3643 311 3707 1111111111,
325 3635 432 3694 Romae
443 3639 571 3712 premam
585 3641 747 3696 marmoreis
760 3641 863 3696 crusle's
880 3643 962 3698 ratius
975 3639 1069 3696 domus
1082 3657 1149 3696 suae
1163 3638 1283 3712 parieles
1297 3638 1327 3692 ire

184 3743 191 3766 ‘
209 3735 304 3796 Caeleo
317 3742 403 3793 morere
415 3737 543 3810 operuisse
558 3735 705 3795 Cornelius
718 3733 810 3810 Nepos
824 3744 849 3794 et
860 3737 977 3795 Plenius
992 3736 1126 3814 reserum.
1161 3733 1328 3808 Addeae'lque

183 3832 340 3892 ‘Catullus
361 3851 419 3890 eum
439 3835 562 3907 menum
584 3836 646 3891 rota
666 3834 777 3892 aedmus
799 3835 905 3892 mellum
927 3837 987 3893 m'se'
1004 3854 1018 3892 e
1041 3851 1178 3892 marmore
1201 3831 1327 3892 Carr'steo

184 3934 358 3991 ‘columnam
379 3933 496 3990 solerem
518 3931 661 3991 hobuesse!
704 3931 749 4012 (4)
771 3931 832 3991 88¹>
850 3933 944 3993 Siculi
961 3935 1046 3992 libros
1064 3935 1186 4009 primum
1208 3934 1326 3990 circum·

182 4031 271 4090 ceiiere
283 4037 425 4106 caeperunt
435 4049 495 4089 eum
510 4037 572 4088 ante
578 4034 797 4106 puuu'carem‘ur¹
808 4033 840 4090 de
852 4053 904 4109 quo
916 4033 1045 4094 Candlea
1061 4031 1121 4104 Qui
1130 4032 1197 4088 dono
1210 4031 1326 4106 lepidum
1412 4037 1414 4042 '

184 4149 285 4188 nouum
305 4131 425 4188 libellum
445 4131 549 4187 orrida
569 4131 644 4188 modo
656 4130 783 4188 Puneeae
800 4133 957 4206 expolitum.
998 4131 1074 4190 Iden
1091 4131 1131 4212 (h.
1143 4150 1167 4189 e.
1183 4127 1325 4207 Isidorus)

185 4227 304 4289 Horum
317 4230 449 4288 Iocorum
463 4231 562 4288 tertius
576 4248 612 4288 ex
627 4229 698 4287 Plini
713 4229 754 4287 H.
767 4229 804 4288 N.
820 4231 960 4290 XXXVI.
973 4234 1011 4308 48
1026 4241 1159 4307 sumptus
1173 4239 1225 4287 est.
1252 4227 1324 4286 Pre'-

183 4347 259 4386 mean
281 4325 388 4385 Romae
408 4331 528 4402 parieles
552 4335 647 4386 crusta
675 4333 823 4388 marmoris
847 4333 982 4404 operueIse
1004 4336 1069 4388 lotos
1093 4331 1186 4386 domus
1209 4345 1275 4384 suae
1296 4328 1326 4383 e'n

186 4427 281 4488 Coelio
294 4433 380 4485 monle
395 4426 541 4485 Cornelius
556 4425 646 4502 Nepos
661 4429 750 4486 lrade'l
762 4426 948 4487 Mamurram
959 4427 1083 4488 Formiis
1099 4427 1201 4495 nalum,
1216 4427 1325 4499 equitem

731 4531 776 4596 *c
