3074 5066
202 381 261 436 268
606 377 662 436 DE
686 376 950 440 PARTITIONE

203 570 283 639 patet
295 559 514 632 uehementiae3
536 559 706 636 tranquillus
720 560 805 620 dolor
818 560 1043 638 prohrndusque
1056 579 1115 621 nec
1129 561 1223 621 multa
1237 561 1378 622 eihmdit

204 677 259 718 nec
280 659 533 734 comparationum
558 658 646 716 utitur
668 657 798 716 artificio.
846 656 933 716 Certe
955 677 1011 717 nec
1032 670 1101 735 post
1123 678 1152 730 4,
1174 677 1232 718 nec
1254 670 1331 736 post
1353 662 1376 716 6

204 757 279 814 bene
306 755 459 814 inducitur.
515 755 726 814 Vehementius
759 755 838 813 enIm
867 765 936 830 post
963 754 1008 813 Et
1039 762 1144 814 mutam
1181 759 1377 833 nequt'cqm

204 853 359 928 alloquerer
381 853 507 923 niterent,
533 853 629 912 statim
658 853 785 913 dictums
813 863 875 910 erat
899 851 1050 928 Alloquor,
1072 854 1187 911 audere
1208 872 1376 929 numquam

203 955 253 1009 aaa
369 950 523 1026 loquentem.
579 949 759 1026 Quanquam
791 967 829 1008 ne
860 949 930 1008 Illud
957 951 1079 1026 quidem
1107 963 1221 1010 certum
1253 952 1375 1020 habeo,

204 1047 283 1106 hunc
307 1064 425 1106 uersum
449 1065 515 1106 esse
539 1045 654 1106 Cantili.
705 1047 769 1106 Nec
798 1049 874 1106 bene
901 1060 969 1123 post
994 1047 1046 1106 CI.
1066 1051 1085 1105 6
1109 1049 1237 1124 ponitur.
1291 1049 1376 1107 Hoc

205 1152 249 1203 est
276 1143 355 1202 enim
383 1145 515 1220 protasin
546 1145 584 1201 ab
611 1143 736 1220 apodosi
763 1161 817 1202 sua
844 1145 1003 1203 abscidere.
1046 1143 1105 1203 Vix
1134 1146 1215 1204 enirn
1244 1146 1375 1204 dubites

208 1240 428 1316 Quandoquidem
436 1243 564 1319 fortuna
586 1241 659 1298 melli
675 1247 723 1298 tete
741 1241 858 1299 abstuli!
877 1243 965 1316 ditium
984 1242 1014 1299 itt
1034 1242 1179 1318 principio
1196 1253 1285 1312 stare,
1300 1261 1373 1302 non

205 1339 237 1397 in
256 1339 335 1396 exitu
356 1339 525 1396 sententiae.
576 1336 756 1398 Persuadent
779 1338 837 1398 hoc
859 1357 927 1398 cum
952 1339 1016 1411 alia,
1039 1350 1101 1398 tum
1123 1341 1208 1416 quod
1232 1341 1373 1398 imitator

206 1433 311 1493 Catulli
325 1434 350 1492 is
364 1434 413 1511 qui
427 1433 509 1493 Cirin
528 1435 643 1511 scripsit
662 1435 815 1494 manifeste
832 1435 911 1494 hunc
929 1435 1028 1496 locum
1046 1448 1115 1495 ante
1128 1437 1234 1498 oculos
1250 1439 1371 1510 habuit,

206 1549 274 1590 cum
289 1531 361 1592 haec
376 1532 513 1590 scriberet
527 1530 655 1608 (46-46)

370 1717 428 1780 Sed
438 1725 565 1796 queam
579 1723 621 1780 ad
630 1729 725 1782 lanias
738 1742 811 1781 nune
820 1725 944 1798 prthtuett
958 1725 1102 1781 assamur
1114 1731 1199 1793 artes,

370 1817 459 1877 Nunc
464 1823 590 1894 prinum
604 1827 709 1880 teneros
715 1822 870 1897 firmamus
884 1821 981 1879 robore
993 1839 1099 1890 neruos,

371 1915 451 1974 Haec
463 1923 552 1974 tamen
566 1919 671 1974 tielerea
685 1935 753 1992 quae
762 1927 916 1992 pessumam,
930 1919 961 1974 in
974 1918 1074 1992 quibus
1086 1919 1153 1974 aeue'

370 2010 476 2070 Prthta
493 2013 650 2070 rudimenta
663 2021 690 2070 el
696 2015 802 2089 priuos
816 2015 959 2089 exegimus
973 2032 1070 2082 annos,

371 2109 471 2184 Accipe
483 2111 554 2168 dono
568 2129 623 2168 meo
637 2113 752 2170 mullum
767 2112 886 2187 nignitate
900 2111 999 2169 laben.

251 2307 315 2368 Iarn
335 2308 428 2368 LXV.
446 2325 543 2382 19-24
559 2326 682 2368 suumne
700 2309 798 2368 locum
812 2317 912 2366 tenent
926 2325 973 2378 an,
987 2316 1019 2366 ut
1033 2307 1235 2368 Rossbachius
1249 2321 1365 2381 censet,

210 2424 247 2466 ex
262 2407 319 2467 alio
334 2417 488 2484 supersunt
507 2416 652 2482 poemate,
667 2407 748 2481 quod
765 2423 802 2464 ex
817 2405 997 2465 Callimacho
1013 2404 1143 2464 Catullus
1162 2409 1340 2482 expresserit
1352 2409 1372 2465 l.

211 2503 310 2576 Quem
324 2522 385 2564 non
400 2503 526 2564 Comam
540 2503 699 2564 Beronices
719 2504 824 2574 solum,
840 2504 893 2563 sed
912 2504 995 2580 plura
1015 2504 1102 2562 etiarn
1122 2522 1160 2562 ex
1176 2503 1366 2565 Callimacho

210 2601 314 2661 Latine
331 2603 510 2662 conuertisse
525 2619 562 2660 ex
577 2601 686 2661 CXVI.
704 2619 719 2658 a
737 2601 878 2661 Carmr’na
898 2603 945 2658 ult·
959 2611 1063 2676 possent
1085 2603 1190 2659 metere
1207 2601 1367 2660 Battiadae

210 2717 266 2758 nec
285 2701 462 2760 conuertisse
481 2700 577 2758 solum
597 2701 650 2760 sed
668 2700 755 2759 etiam
774 2699 812 2758 ad
827 2698 961 2759 Ortalum
975 2700 1088 2760 misisse
1101 2718 1139 2757 ex
1159 2701 1248 2776 ipsius
1263 2701 1365 2759 LXV.

209 2798 250 2853 16
265 2797 416 2873 colligitur.
459 2796 614 2856 Praeterea
627 2799 657 2856 in
671 2797 822 2856 codicibus
839 2798 978 2856 omnibus
993 2797 1094 2854 LXVI
1108 2815 1176 2856 curn
1190 2797 1275 2856 LXV
1290 2815 1367 2857 coa-

210 2892 270 2964 luit,
284 2894 315 2951 in
329 2911 432 2970 quare
446 2896 622 2971 praesidium
638 2894 838 2955 Rossbachius
852 2895 963 2970 quaerit
976 2895 1144 2954 sententiae.
1181 2894 1240 2954 Sed
1253 2913 1366 2971 parum

210 2990 336 3067 praesidi
364 2991 395 3049 in
422 2992 480 3051 hoc
508 3011 573 3051 esse
598 2993 666 3052 inde
694 3003 815 3069 apparet
837 2992 918 3067 quod
941 2993 1167 3050 coalescentium
1195 2993 1366 3052 carminum

211 3088 319 3148 multae
333 3089 406 3148 aliae
421 3107 526 3149 causae
541 3091 728 3166 reperiuntur.
771 3091 831 3149 Aut
849 3091 928 3148 enim
948 3090 1046 3166 aliquo
1065 3107 1145 3160 casu,
1165 3089 1287 3148 fortasse
1308 3109 1367 3166 per

211 3195 385 3246 uetustatem
408 3206 509 3246 erasus
532 3199 577 3246 est
601 3189 707 3258 tittrlus,
729 3187 979 3265 quemadmodum
1003 3197 1071 3245 ante
1092 3187 1130 3258 X,
1153 3186 1237 3258 XVI,
1259 3187 1367 3260 XVII,

212 3285 326 3358 XXIV,
340 3283 485 3350 XXXIII,
496 3282 671 3355 XXXVIII,
682 3283 936 3354 ΧΙΙ-ΧΙΝΙΙΙ,
948 3282 1126 3355 LIII-LV,
1138 3283 1235 3354 LVII,
1246 3283 1367 3356 LVIII,

213 3382 278 3455 LX,
293 3394 322 3442 et
342 3382 479 3460 pleraque
504 3393 571 3458 post
592 3379 702 3452 LXIX,
723 3393 773 3440 aut
792 3381 927 3440 consulto
948 3382 1074 3440 omissus
1094 3391 1147 3451 est,
1168 3399 1236 3440 cum
1257 3381 1366 3440 LXVI

213 3481 297 3558 quasi
317 3499 385 3558 pars
405 3480 489 3539 iuerit
508 3480 646 3556 epistulae
667 3480 705 3538 ad
719 3479 862 3550 Ortalum,
877 3489 906 3538 et
925 3497 992 3538 cum
1011 3497 1047 3537 ea
1065 3479 1170 3554 pariter
1189 3478 1366 3551 cohaeserit,-

213 3597 249 3639 ac
263 3578 391 3637 carmina
405 3576 445 3648 II,
460 3576 518 3649 111,
532 3595 608 3654 quae
627 3587 748 3654 nosque
763 3575 800 3635 de
814 3575 935 3636 Passere
949 3587 1017 3634 sunt
1031 3576 1163 3634 Lesbiae.
1201 3574 1294 3634 LXV.
1314 3581 1366 3649 1⁶,

213 3675 355 3736 CXVIa
377 3676 437 3734 iure
457 3693 492 3734 ea
511 3675 629 3752 quidem
651 3675 689 3733 ad
710 3674 766 3733 alia
785 3674 948 3734 reseruntur
968 3675 1098 3732 carmina
1118 3691 1194 3750 quae
1214 3691 1251 3732 ex
1272 3673 1366 3734 Calli·

214 3774 321 3834 macho
356 3772 497 3848 expressit
524 3771 663 3844 Cahtllus,
691 3771 744 3830 sed
778 3771 851 3830 haec
886 3772 925 3830 ad
958 3770 1051 3830 LXV.
1080 3790 1178 3846 19-24
1207 3772 1366 3846 pertinere,

214 3871 349 3948 quamuis
370 3888 431 3928 non
452 3869 574 3928 omnino
596 3869 736 3944 negarim,
750 3886 922 3944 persuasum
941 3887 1004 3928 non
1024 3869 1129 3928 habeo.
1170 3869 1260 3926 Amat
1280 3871 1367 3929 enim

215 3968 346 4027 Catullus
373 3968 606 4042 comparationes
635 3967 666 4024 in
693 3966 751 4024 fine
779 3966 950 4026 carminum.
1004 3965 1052 4025 Sic
1080 3965 1148 4024 iecit
1175 3965 1228 4025 XI.
1250 3983 1366 4038 ao—a4‚

215 4065 313 4124 XVII.
330 4067 377 4136 26,
406 4063 505 4123 XXII.
527 4083 574 4135 21,
602 4063 698 4122 XXV.
717 4081 826 4138 ra,13,
854 4062 996 4122 XLVIII.
1018 4078 1046 4137 5,
1066 4067 1094 4134 6,
1122 4063 1246 4122 fortasse
1273 4065 1365 4123 etiam

216 4160 256 4219 II.
275 4180 381 4236 11-13.
424 4159 490 4220 Nec
518 4180 589 4221 uero
617 4177 684 4221 cnm
709 4160 836 4220 Frankio
864 4162 1113 4238 comparationem
1140 4179 1177 4218 ex
1205 4161 1367 4220 iuuentutis

216 4269 297 4316 aestu
318 4259 517 4318 excusandam
539 4260 677 4331 dixerim;
699 4275 769 4318 nam
789 4268 818 4317 et
838 4259 982 4334 exquisita
1002 4268 1047 4318 est
1065 4269 1094 4318 et
1113 4258 1255 4316 imitatore
1272 4259 1367 4334 digna

217 4355 489 4415 Alexandrinontm.
533 4357 578 4416 Cs.
594 4358 706 4418 Theoc.
721 4357 776 4416 111.
789 4371 837 4431 53,
852 4356 905 4415 IX.
919 4359 1028 4431 33-36,
1043 4356 1096 4415 ΧΙ.
1109 4359 1158 4427 8ι,
1172 4356 1240 4414 XII.
1255 4359 1303 4430 36,
1317 4373 1344 4430 7.
