3074 5066
243 385 309 450 2⁰8
359 377 366 390 ’
707 386 928 451 CATVLLI

374 573 491 638 Nobis.
536 575 568 638 O
591 577 693 640 lucem
714 575 900 640 candidiore
923 577 1019 640 nota!

329 688 414 775 Qis
436 707 489 752 me
511 709 576 752 uno
597 689 681 752 uluit
704 687 841 772 felicior,
862 699 917 751 aut
941 691 1043 772 magis
1064 688 1134 753 aeusi
1156 697 1205 752 est

373 802 568 886 Optandus?
597 803 698 865 uitam
719 801 827 864 dicere
848 804 919 883 quis
940 803 1086 886 poterit?

758 1160 879 1228 CVIII.

325 1320 359 1384 Sr
382 1317 516 1384 Comini
540 1318 647 1402 populi
668 1317 802 1381 arbitrio
823 1326 880 1381 tua
901 1336 983 1380 cana
1003 1326 1152 1380 senectus

369 1431 523 1516 spurcata
544 1431 667 1514 inpuris
689 1431 831 1493 moribus
855 1432 1005 1514 intereat,

328 1545 410 1609 Non
432 1544 580 1628 equidem
602 1545 715 1606 dubito
734 1546 814 1627 quin
837 1546 974 1629 primum
997 1545 1135 1606 inimica
1156 1544 1310 1606 bonorum

372 1657 500 1742 Lingua
522 1671 632 1720 exerta
652 1656 749 1720 auido
770 1659 815 1720 sit
836 1657 913 1720 data
934 1658 1086 1740 uulturi0,

276 1942 302 1993 ⁶.
341 1941 398 1989 lure
409 1938 501 1991 radices
513 1957 596 1991 omnes
714 1937 804 1990 lucem
816 1936 957 1991 candidior
969 1956 982 1988 c
1054 1939 1115 1989 Past
1127 1956 1152 1988 u.
1165 1939 1181 1987 ⁶
1193 1935 1313 1988 excidisse
1324 1954 1390 1988 m-

239 2010 311 2064 natta
322 2021 402 2062 censet
414 2011 520 2062 Statius.

276 2097 302 2145 7.
339 2081 408 2150 Quis
426 2096 471 2133 me
490 2081 558 2134 uluit
577 2095 632 2132 uno
650 2095 706 2132 uno
724 2077 830 2132 felicior
847 2079 877 2131 D
1007 2079 1092 2146 iringis
1110 2093 1154 2132 me
1173 2084 1214 2132 est
1234 2080 1262 2130 A
1268 2077 1391 2146 pr.BCG

510 2169 535 2204 ul.
547 2169 583 2204 lxo:

241 2216 444 2273 IalLaWVen.
516 2235 559 2285 ηις
574 2218 649 2269 enL
733 2233 770 2269 m.
783 2217 834 2269 hac
846 2224 888 2270 est
901 2217 925 2271 0
938 2216 1066 2270 maed,
1079 2231 1144 2280 1473
1218 2231 1255 2268 m.
1268 2221 1391 2268 exstata

239 2291 301 2342 Post
312 2289 418 2343 felicior
430 2307 537 2342 uacuum
548 2291 661 2357 spatium
672 2291 699 2342 iu
710 2288 745 2354 H,
752 2298 812 2356 pust
823 2289 908 2354 magis
919 2290 946 2340 in
959 2288 988 2339 D
1079 2287 1182 2340 aeuiest
1193 2289 1245 2356 ipse
1255 2288 1347 2338 eunici
1356 2306 1391 2337 ese

239 2361 332 2414 Culicis
345 2379 369 2413 u.
383 2364 416 2423 78
431 2361 500 2430 Qis
518 2359 602 2426 magis
619 2365 715 2426 optato
732 2365 815 2427 queat
833 2373 892 2412 esse
910 2359 1018 2412 beelim
1033 2373 1102 2412 aeuo
1117 2360 1171 2410 siue
1184 2365 1272 2410 eurest
1287 2358 1391 2425 confuso

239 2451 297 2484 sum
310 2436 398 2483 meast
409 2431 467 2483 siue
479 2435 582 2484 aeurest
595 2449 652 2482 eum
664 2436 768 2483 acmest
781 2427 847 2499 (hac
859 2445 904 2482 me
916 2427 982 2497 est).

276 2506 301 2556 8.
340 2501 481 2566 illinuntur
493 2501 583 2554 radices
596 2519 679 2553 amnes
691 2501 756 2568 quod
765 2503 875 2553 serssaui.
911 2500 981 2552 Aeul
993 2497 1128 2567 optandus
1138 2501 1225 2568 potuit
1236 2501 1263 2551 in
1275 2501 1392 2552 sumsisse

236 2573 287 2626 tiss·
307 2574 350 2640 qui
370 2570 453 2624 soluta
473 2573 586 2624 aratione
605 2571 667 2624 aeui
686 2569 798 2637 optandi
818 2571 935 2624 dicendus
955 2581 1013 2623 erat
1138 2575 1191 2623 nitu
1213 2571 1284 2622 codd.
1305 2589 1390 2622 amm

239 2643 326 2696 uitam
343 2644 395 2710 ipse
411 2644 499 2694 conieci
516 2643 542 2694 h.
551 2662 573 2694 e.
590 2659 667 2710 quam
684 2643 719 2694 sit
737 2641 813 2696 beata
895 2641 942 2711 qui
960 2641 1049 2709 potuit
1066 2641 1095 2694 H
1177 2648 1224 2694 aut
1242 2641 1329 2707 magis
1347 2647 1391 2693 est

240 2729 285 2766 me
299 2711 442 2780 optandus
454 2713 511 2764 uita
524 2712 586 2764 Ald.
600 2714 621 2764 1.
635 2710 702 2764 Scal.
717 2711 788 2782 Vulp.
801 2711 855 2765 Sili.
932 2719 979 2765 aut
992 2712 1076 2778 magis
1087 2727 1146 2764 esse
1160 2711 1321 2779 Optnndurn
1333 2711 1390 2764 uita

240 2785 368 2836 Arruntius
455 2789 502 2834 aut
514 2783 599 2849 magis
611 2782 661 2836 hac
674 2783 740 2851 quid
753 2783 911 2850 Optandurn
923 2784 981 2836 uita
993 2784 1122 2836 Guarinus
1134 2784 1252 2835 Muretus
1342 2791 1389 2834 aut

239 2853 311 2920 rnagi
328 2852 366 2905 mi
382 2867 441 2905 esse
455 2852 613 2920 Optandum
629 2853 657 2906 in
673 2853 730 2906 uita
745 2855 842 2907 Statius
943 2860 990 2906 aut
1005 2854 1077 2920 magi
1094 2869 1139 2906 me
1155 2869 1215 2906 esce
1229 2853 1388 2921 Optandum

238 2925 325 2976 uitam
337 2923 472 2976 Marcilius
561 2931 609 2976 aut
627 2939 705 2991 mage
724 2931 816 2977 nostra
830 2924 986 2992 optandam
1003 2925 1060 2977 uita
1078 2924 1170 2977 dicere
1186 2925 1248 2992 quis
1266 2925 1389 2992 poterit?

238 2993 400 3048 &auhsum
488 3000 536 3047 aut
548 2995 633 3061 magis
644 3010 704 3047 esse
717 2995 859 3063 Optandus
871 2995 928 3048 uita
941 2997 1039 3048 Vossius
1122 2999 1170 3048 aut
1183 2995 1268 3062 magis
1281 2995 1333 3048 hac
1347 3011 1389 3048 res

239 3064 381 3132 Optandas
392 3063 449 3117 uita
462 3066 641 3118 helmanruss
656 3067 750 3135 Haupt.
763 3066 885 3119 Schuaab.
989 3073 1037 3119 aut
1049 3066 1133 3132 magis
1145 3081 1231 3119 annos
1244 3066 1389 3133 Optandos

237 3137 310 3189 uitae
324 3135 492 3188 Froehlichius
568 3143 615 3188 aut
628 3137 698 3202 magi
711 3151 756 3189 me
769 3153 828 3190 esse
842 3136 985 3205 Optandus
998 3138 1054 3191 uita
1065 3137 1168 3205 Heysius
1239 3144 1289 3190 aut
1305 3137 1389 3203 magis

237 3206 481 3330 Shachemlgptandam
503 3207 560 3260 ulta
577 3206 723 3261 Ribbeckius
863 3215 911 3261 aut
932 3208 1017 3274 magis
1035 3224 1067 3260 ac
1085 3223 1131 3261 me
1150 3207 1312 3276 optandum
1333 3208 1389 3260 uita

351 3297 399 3331 ius.

758 3390 867 3445 CVIII.

272 3479 336 3532 Cum
352 3497 374 3532 e.
387 3478 463 3531 CVII
476 3479 621 3531 continuant
639 3478 728 3531 codices
741 3478 863 3548 plerique.
899 3482 1015 3550 Spatium
1027 3483 1054 3536 in
1067 3481 1139 3548 Das,
1151 3481 1215 3549 quad
1231 3500 1300 3535 corr.
1312 3482 1342 3533 D
1352 3483 1387 3534 sis

235 3549 358 3620 srqtpleuit
371 3549 404 3602 ln
416 3547 554 3618 quendam
565 3549 585 3601 d
596 3547 629 3602 ln
642 3549 810 3618 Loquacem.

280 3655 303 3689 1.
341 3635 383 3685 Sic
397 3635 497 3684 luurrlui
513 3636 632 3701 populari
646 3636 757 3687 nrlrilrio
772 3645 817 3688 tun
832 3654 896 3689 (uun
912 3637 1195 3694 ABGGLLa¹La²oV
1203 3641 1263 3694 Vere.
1361 3639 1387 3692 Sl

237 3706 342 3760 homini
364 3706 486 3774 populari
507 3707 621 3760 arbitrio
642 3715 689 3760 tua
710 3723 735 3760 c.
755 3710 785 3760 H
887 3710 931 3762 Sic
948 3711 1051 3764 homini
1068 3711 1184 3764 arbitrio
1252 3719 1302 3765 tua
1319 3728 1344 3765 c.
1361 3715 1387 3764 D

237 3779 282 3830 Sic
300 3777 403 3830 homini
422 3776 578 3846 (hominum
595 3779 634 3831 ed.
651 3775 731 3846 Par.)
747 3777 865 3832 arbitrio
882 3780 1004 3848 populari
1024 3797 1049 3835 c.
1068 3782 1254 3836 Rieeards'anus
1269 3784 1309 3836 ed.
1322 3786 1386 3836 Par.

235 3849 306 3901 Sues.
318 3849 375 3901 XV
466 3850 492 3899 Si
506 3849 615 3900 Comini
627 3848 741 3902 arbitrio
751 3849 874 3918 populari
886 3867 954 3904 cana
968 3853 1096 3905 Guarinus
1110 3854 1274 3906 Passeratius
1288 3857 1386 3908 Vossius

235 3921 263 3971 s'sr
281 3937 370 3974 comm.
383 3917 452 3987 Vulp.
466 3917 547 3988 Ss'llig.
560 3919 668 3972 Lasbm
681 3920 777 3988 Haupt.
920 3921 949 3973 Si
967 3922 1076 3975 Comini
1094 3924 1187 3991 populi
1206 3924 1322 3978 arbitrio
1340 3933 1387 3978 tus

236 3989 332 4040 Statius
351 3989 418 4040 Scal.
435 3988 552 4041 connde
566 3989 635 4042 Allia
651 3991 728 4042 Duer.
742 3990 915 4058 Heysdiassb.
928 3992 1049 4045 Schwab.
1093 3995 1166 4046 ‘Per
1182 3996 1282 4064 dittogr
1338 3999 1344 4010 '

235 4059 385 4125 ‘quandam
401 4068 540 4112 exaratum
556 4069 594 4112 est
611 4060 736 4129 populari
753 4060 882 4114 arbitrio’
896 4062 998 4116 Publius
1097 4065 1208 4118 Comini
1225 3998 1386 4137 aarum

233 4129 459 4181 antulium-inm

272 4214 297 4250 a.
333 4197 488 4263 inpurisH
557 4201 690 4270 inpurisd
757 4203 836 4254 tuise
907 4203 1027 4258 intriciat
1040 4206 1074 4258 Η,

269 4286 296 4331 4.
332 4273 429 4319 exerta
443 4269 792 4324 Aacoura¹ua²7m.hs
849 4275 997 4327 exerctaO
1057 4277 1174 4330 exdtaV
1227 4281 1384 4347 exceptaD

233 4343 330 4389 exacta
341 4355 355 4388 e
470 4347 567 4392 enecta
578 4361 597 4393 a
611 4341 672 4394 Ata.
682 4343 704 4394 1.
717 4342 762 4394 uul
777 4353 826 4395 oet
838 4345 1018 4398 Lachmanmss
1126 4355 1236 4402 exserta
1248 4351 1347 4404 Statius
1358 4353 1383 4404 irs

231 4425 321 4460 comm.
336 4407 434 4459 Vossius
445 4409 473 4459 r'rs
485 4427 573 4462 comm.
587 4411 704 4463 Causae
717 4361 786 4465 Atlio
884 4416 991 4468 Serrsaui
1002 4417 1130 4471 lectionem
1142 4420 1264 4474 codicum.
1302 4422 1383 4476 Gluss.

231 4477 334 4531 Balliot.
348 4477 467 4529 Excrcta
479 4478 558 4544 plena
571 4481 676 4533 malicia
746 4485 830 4534 Possis
842 4494 929 4538 tamen
941 4495 1071 4555 excerpta
1143 4490 1230 4558 ulteio
1242 4493 1277 4546 H.
