3074 5066
486 388 713 448 CARMINVM
738 389 929 450 CATVLLI.
1221 393 1280 448 265

133 573 234 634 Nimis
248 575 354 651 opinor
368 576 498 651 abrupte.
540 573 638 634 Credo
653 575 803 651 stropham
817 577 1018 651 praecessisse,
1030 577 1059 634 in
1074 593 1133 652 qua
1146 575 1282 636 Praetex-

134 683 214 732 tatus
233 673 364 732 iubeatur
384 683 505 748 nuptam
526 690 545 730 a
565 691 639 732 cena
657 673 695 732 ad
712 673 871 731 thalamum
891 675 1043 733 deducere.
1086 672 1284 733 Confinnatur

134 771 194 831 hoc
213 772 282 831 inde
295 772 377 848 quod
395 772 489 830 codex
502 771 522 828 lt
536 781 628 830 totam
648 771 798 846 stropham
816 771 977 830 Mitte-Io
996 772 1108 847 Hymen
1127 772 1284 847 Idymenaee

135 870 250 928 omittit
293 869 379 928 Haec
399 869 423 926 si
443 887 512 927 uere
531 868 644 944 collegi,
659 879 702 928 est
719 877 748 927 et
764 867 837 927 haec
851 868 994 928 Mesodos
1015 887 1066 928 sex
1088 869 1283 945 strophanun,

134 983 212 1042 quae
231 977 261 1025 et
279 967 361 1042 ipsae
380 967 422 1024 sic
441 965 648 1025 distribuuntur
665 985 731 1042 123.
774 967 880 1026 Totius
900 968 987 1044 igitur
1006 967 1142 1028 carminis
1161 967 1219 1026 hoc
1239 978 1284 1027 est

135 1067 227 1136 enac

466 1210 609 1270 Mesodos
814 1213 958 1272 Mesodos

171 1227 1282 1384 (uui-rao)3aaa.123maliem123.3a3r(uurara4ol

582 1625 607 1665 c.
620 1605 724 1672 LXIII
751 1607 839 1666 Attis.

177 1747 261 1806 Attin
276 1745 382 1806 Catulli
400 1747 477 1805 bene
494 1745 566 1806 uidit
579 1745 731 1816 Frankius,
746 1747 777 1805 id
791 1747 871 1822 quod
885 1764 933 1805 me
947 1746 1094 1816 fefellerat,
1109 1753 1203 1804 totum
1218 1767 1285 1815 συμ·

135 1847 237 1918 μέτρω
256 1845 297 1903 ita
316 1845 455 1920 scriptum
474 1861 539 1902 esse
555 1853 596 1914 ut,
611 1845 748 1902 seiunctis
764 1845 854 1903 tribus
868 1845 977 1903 ultimis
991 1845 1123 1902 uersibus
1137 1844 1187 1919 qui
1202 1845 1285 1918 quasi

135 1943 261 2020 Epodos
283 1953 359 2012 sunt,
374 1941 461 2000 ceteri
482 1942 513 1998 in
533 1941 606 2000 duas
627 1959 712 2018 pares
733 1952 830 2017 partes
849 1960 934 2016 1-43,
951 1946 1052 2016 48-90
1069 1941 1284 2000 distribuantur.

137 2041 198 2100 ‘In
218 2040 327 2116 priore'
349 2051 414 2098 utor
434 2039 493 2098 lere
515 2040 611 2098 uerbis
632 2038 757 2109 Frankii‚
774 2040 869 2098 ‘Attis
888 2039 988 2098 diuino
1006 2039 1103 2097 lurore
1123 2039 1285 2097 concitatus

137 2145 230 2198 ‘cum
253 2137 439 2214 stipatoribus
463 2145 601 2212 properat
622 2135 660 2194 ad
683 2153 805 2194 nemora
824 2135 959 2212 Cybeles,
980 2136 1010 2194 in
1031 2136 1192 2212 posteriore
1213 2152 1285 2194 con-

137 2241 145 2267 ¹
160 2253 263 2294 uersus
284 2236 323 2294 ad
344 2234 554 2310 poenitendum
574 2234 713 2309 fugitiuus
727 2251 745 2291 a
758 2233 868 2309 Cybele
886 2234 954 2293 illuc
972 2234 1126 2311 repellitur.
1168 2234 1285 2292 Vtram-

137 2338 220 2410 ‘que
247 2333 351 2392 harum
378 2332 503 2408 partium
534 2331 597 2407 pari
629 2349 754 2390 numero
786 2341 875 2407 poeta
908 2331 1038 2392 definiuit
1065 2331 1286 2408 quadragenum

137 2439 278 2491 ‘ternum
300 2448 437 2490 uersuum
460 2431 561 2506 (1-43,
581 2428 705 2506 48-90).
749 2429 834 2501 Quos
856 2431 886 2488 in
908 2430 1006 2489 medio
1028 2429 1194 2489 conlocauit
1215 2445 1287 2503 qua·

138 2537 228 2588 ‘tuor
250 2547 352 2588 uersus
376 2528 527 2588 includunt
552 2528 723 2586 narrationis
748 2528 980 2587 conuersionem.
1033 2527 1131 2586 Etiam
1155 2527 1288 2584 membra

138 2632 146 2658 ‘
162 2627 287 2688 duamm
306 2627 431 2702 partium
450 2625 577 2684 eundem
593 2643 731 2684 uersuum
748 2643 903 2684 numerum
917 2625 1165 2700 complectuntur;
1187 2633 1287 2683 utrim-

139 2730 220 2800 ‘que
239 2733 352 2783 constat
371 2723 448 2782 serris
468 2731 497 2781 et
514 2723 635 2793 ulcenis,
650 2739 717 2780 cum
736 2722 899 2798 appendice
918 2731 1106 2798 septenorum
1125 2719 1287 2780 denorum!

138 2821 227 2880 Vnde
241 2821 315 2880 haec
329 2820 421 2896 figura
435 2821 532 2878 euadit
549 2821 620 2884 26÷
632 2831 665 2893 17
684 2822 797 2890 4-26÷
808 2833 843 2894 17
861 2839 886 2894 3.

180 2919 337 2979 Orationes
358 2935 421 2976 non
441 2927 473 2975 ut
493 2916 636 2976 Franlrius
657 2918 699 2975 sic
720 2916 867 2993 dispertio.
910 2915 1038 2974 Primam
1060 2916 1138 2974 enim
1159 2914 1286 2992 (ra-26)

138 3018 207 3078 lacit
222 3018 265 3076 sic
279 3017 480 3076 decurrentem
498 3024 610 3087 2†4†
621 3033 646 3088 1,
663 3024 819 3088 a†5÷r:
842 3015 961 3073 alteram
976 3015 1017 3074 sic
1036 3031 1080 3084 ra,
1100 3033 1153 3085 123
1175 3014 1288 3072 tertiam

139 3126 229 3190 3†3.
273 3112 347 3172 Mihi
368 3131 404 3172 ex
426 3114 508 3172 tertia
530 3113 705 3188 reliquamm
727 3111 861 3170 ducenda
882 3112 995 3170 uidetur
1017 3113 1106 3182 ratio;
1131 3121 1163 3170 ut
1184 3127 1289 3168 omnes

138 3231 192 3290 per
205 3230 360 3272 numerum
375 3211 531 3270 ternarium
546 3211 576 3268 in
590 3220 687 3286 partes
702 3209 910 3270 describantur.
952 3209 997 3268 Ea
1013 3219 1111 3269 autem
1125 3217 1170 3267 est
1188 3207 1288 3265 huius·

138 3311 221 3370 modi
236 3307 358 3388 (Cybele
372 3308 489 3368 leonem
504 3306 677 3386 alloquinu).

286 3569 362 3629 Face
375 3570 540 3647 ult'suroris
555 3572 611 3627 ictu
624 3570 741 3627 reditum
756 3572 786 3626 in
800 3570 1009 3647 neruoraferal‚

286 3668 357 3728 Mea
371 3669 453 3727 libere
466 3671 550 3726 nrhrri
563 3667 721 3745 qur'sugcre
735 3669 851 3744 t'ntperr'a
864 3669 944 3744 cupri.

177 3773 199 3836 β
311 3787 349 3844 gc
361 3767 439 3826 caede
451 3773 529 3844 terga
543 3767 641 3837 cauda,
656 3772 704 3824 lua
719 3766 834 3823 uerbera
840 3772 946 3840 potere,

286 3863 363 3922 Face
374 3870 471 3922 cuncta
485 3866 620 3940 mugienti
629 3865 720 3921 som'tu
733 3864 791 3920 loca
806 3869 933 3933 ratonem,

283 3961 413 4020 Rutilum
417 3962 516 4040 ferox
529 3969 620 4020 torosa
634 3963 737 4020 cerur'ce
749 3969 829 4038 quate
843 3961 943 4020 aiebam.

178 3501 196 3532 a
234 3473 412 3899 OEgedum
427 3474 519 3548 aliquit
529 3472 679 3550 ageserox
693 3471 788 3548 isare
801 3479 833 3530 ut
843 3473 917 3530 hunc
922 3472 1019 3550 furor
1032 3473 1141 3539 untiaret,

179 4130 340 4205 Vtriusque
354 4129 491 4206 strophae
509 4147 537 4188 u.
551 4130 662 4205 primus
676 4130 780 4204 primo,
795 4128 866 4188 alter
880 4127 1039 4207 respondet
1053 4127 1141 4186 alteri.
1175 4125 1288 4184 Eadem

140 4229 331 4306 aequabilitas
348 4228 378 4286 in
392 4228 499 4286 Attidis
518 4227 557 4286 ad
576 4244 608 4285 se
627 4229 758 4285 oratione
774 4224 909 4303 (50—73).
952 4226 1037 4299 Quae
1059 4244 1120 4284 non
1141 4224 1237 4283 solum
1257 4234 1289 4284 ut

139 4327 283 4388 Franldus
300 4345 353 4402 per
371 4345 404 4384 ra
426 4344 460 4384 ra
476 4325 628 4385 distributa
643 4335 695 4394 est,
710 4326 762 4384 sed
776 4325 880 4383 iterum
898 4325 928 4382 in
943 4327 990 4396 66,
1007 4327 1045 4382 66
1054 4342 1063 4396 ;
1085 4342 1122 4382 ex
1136 4323 1181 4382 his
1196 4324 1290 4398 prima

140 4444 174 4487 ac
189 4425 274 4487 tertia
288 4441 340 4502 per
356 4443 384 4501 3,
400 4443 416 4499 3
432 4424 521 4484 altera
535 4441 569 4483 ac
584 4433 686 4500 quarta
700 4439 752 4498 per
768 4440 822 4496 231
841 4421 1019 4493 scinduntur,

680 4567 753 4611 Min
