3118 5054
99 475 104 482 Ι
190 405 208 446 x
580 387 932 450 rnotauoussn.

185 569 352 644 Romanum,
359 575 531 652 praesectum
538 573 664 651 fabrum
681 572 714 634 C.
732 572 865 634 Caesaris
883 573 913 630 in
930 568 1027 630 Gallis
1042 587 1075 626 ru
1087 567 1156 644 quid
1166 567 1331 642 indignitati

184 669 259 740 desti,
279 671 336 728 lali
351 678 461 730 auclore
481 674 591 730 tituenla
612 691 665 740 re,·
686 671 731 730 lic
751 689 865 748 namque
883 675 923 728 esi
939 667 1099 726 Mamurra
1118 665 1229 727 Catulli
1246 663 1328 722 Vero-

184 771 275 826 nensis
291 771 461 828 carminibus
474 772 637 846 proscissus,
652 790 736 846 quent,
751 777 784 828 ul
795 789 840 828 res
853 775 899 838 cst,
914 769 1008 826 domus
1024 769 1110 842 ipsiu
1124 765 1232 822 claraus
1244 781 1328 839 ptam

186 865 317 927 Catullus
330 869 409 926 drusi
420 869 519 926 ltabere
531 865 666 945 quanqam
675 869 815 926 habuisse!
825 867 940 927 Comata
953 865 1060 925 Gallia.
1101 862 1230 938 Namque
1243 862 1331 919 aduri

183 965 252 1023 rilem
276 963 369 1041 Nepos
391 969 516 1042 prinum
540 970 601 1024 lobs
628 968 739 1026 ardalus
763 967 869 1025 nullam
897 967 957 1023 urii
976 984 990 1022 e
1012 981 1150 1021 marmore
1172 962 1327 1019 columnam

184 1062 313 1120 habunse
338 1071 364 1122 et
388 1067 476 1122 omncs
503 1065 606 1123 solidas
633 1085 646 1122 e
675 1066 805 1142 Carystio
836 1071 887 1122 aul
911 1061 1045 1120 Lunensi.
1099 1059 1187 1118 Vnde
1215 1075 1328 1117 errasse

185 1159 405 1238 Pastrengicum
426 1173 553 1239 apparet,
569 1165 618 1239 qui
633 1163 748 1222 Catullo
767 1163 895 1222 tribuerit
914 1178 989 1238 quae
1009 1159 1133 1234 Nepotis
1152 1165 1228 1216 sunt.
1269 1154 1328 1214 Ce-

184 1270 263 1319 teros
278 1270 336 1320 tres
350 1261 431 1321 locos
446 1263 495 1320 uix
510 1263 679 1339 scripsisset,
692 1263 746 1320 nisi
760 1263 855 1339 ipsum
870 1261 974 1318 libmm
986 1257 1090 1318 Catulli
1105 1257 1237 1332 legisset:
1256 1273 1327 1312 nam

183 1377 260 1434 quae
273 1361 365 1418 uerba
383 1361 413 1419 in
428 1361 523 1436 primo
536 1361 637 1431 attulit,
652 1379 796 1437 nusquam
811 1360 880 1418 alias
894 1359 1045 1435 leguntru;
1066 1357 1144 1426 alter,
1159 1371 1327 1432 quanquam

184 1455 254 1515 nihil
273 1457 361 1534 habet
374 1459 455 1534 quod
474 1477 510 1516 ex
530 1459 706 1518 carminibus
726 1458 846 1518 ductum
865 1459 910 1528 sit,
925 1458 1012 1516 habet
1031 1467 1129 1514 tamen
1143 1471 1219 1530 quae
1236 1452 1328 1511 lecto·

184 1572 247 1612 rem
275 1555 400 1630 prodant
427 1557 597 1627 carminum,
626 1557 704 1617 unde
732 1558 810 1616 enim
839 1556 893 1615 nisi
921 1575 957 1614 ex
985 1556 1050 1632 ipso
1079 1554 1152 1612 libro
1181 1549 1328 1610 didicisset

185 1650 398 1728 Pustrengicus,
410 1652 556 1714 Catullum
567 1655 670 1714 ‘uariis
684 1667 841 1716 metrorum
852 1655 1007 1731 generibus
1018 1671 1111 1722 usum,
1123 1651 1213 1710 multa
1227 1650 1330 1707 iocosa

185 1753 193 1782 ‘
208 1761 237 1810 et
252 1750 358 1828 placita
371 1753 519 1829 scripsisse
528 1753 553 1811 l'
575 1755 662 1814 etiam
679 1755 727 1814 illa
741 1761 748 1786 ‘
760 1753 891 1814 Catullus
905 1753 1085 1812 Veronensis
1098 1749 1193 1827 poeta’
1208 1767 1245 1807 ex
1263 1747 1328 1805 libn'

185 1847 275 1926 ipsius
295 1850 376 1909 titulo
395 1850 518 1912 sortasse
537 1853 705 1930 desumpsit.
747 1853 877 1926 Quartus
891 1851 995 1911 Isidori
1009 1861 1054 1910 est
1065 1849 1158 1929 (Orig.
1168 1847 1236 1905 XII.
1248 1848 1274 1904 6.
1286 1843 1328 1922 3),

186 1949 239 2008 sed
263 1960 295 2008 ut
319 1959 396 2009 recte
424 1952 625 2011 animaduertit
649 1953 805 2030 Hauptius,
831 1952 952 2012 collatus
976 1968 1044 2010 cum
1068 1947 1173 2007 Catulli
1200 1941 1327 2005 codice¹.

187 2047 266 2107 Nam
282 2047 386 2108 Isidori
407 2051 524 2109 codices
544 2050 653 2111 habent
673 2053 844 2123 cui,ar1ilo:
865 2049 1067 2125 Pastrengicus
1088 2045 1151 2117 Qui,
1170 2044 1275 2110 arida;
1298 2052 1328 2101 et

187 2147 271 2204 arida
285 2148 403 2224 quidem
418 2149 511 2224 potuit
528 2167 564 2208 ex
580 2149 681 2208 Seruio
699 2150 762 2226 ipse
781 2148 921 2220 mutuari;
943 2148 1037 2225 potuit
1055 2147 1141 2206 etiam
1161 2162 1197 2203 er
1217 2143 1330 2212 codice,

188 2295 250 2353 siue
264 2295 370 2372 scripto
384 2255 470 2354 anal
480 2297 540 2354 siue
554 2298 644 2360 arr'do.
677 2298 724 2357 Sic
738 2299 817 2356 enim
831 2299 970 2373 scriptum
984 2306 1028 2355 est
1041 2296 1071 2354 in
1086 2293 1202 2352 Datano
1217 2291 1330 2360 codice,

188 2393 213 2450 si
228 2390 386 2450 Froehneri
400 2395 551 2469 specimini
565 2395 637 2454 fides
651 2407 695 2455 est
703 2416 712 2468 ς
734 2397 811 2455 idem
826 2407 923 2455 autem
937 2395 1030 2454 codex
1045 2393 1133 2453 habet
1149 2389 1328 2465 arripuistis

189 2491 269 2566 quod
283 2500 427 2568 utrunque
440 2492 543 2567 legitur
557 2495 635 2569 apud
650 2492 868 2570 Pastrengicum
883 2493 937 2552 nisi
951 2492 1030 2569 quod
1046 2491 1092 2550 hic
1107 2489 1194 2548 babet
1202 2488 1327 2562 punr'cae

190 2587 292 2666 Itaque
306 2587 410 2648 Catulli
430 2591 562 2650 codicem
581 2593 691 2652 uiderat
705 2610 796 2669 quum
812 2592 884 2650 haec
904 2591 1048 2650 scriberet.
1091 2587 1211 2664 Scripsit
1230 2595 1329 2644 autem

190 2700 267 2748 certe
288 2708 349 2749 non
371 2701 438 2749 ante
459 2689 695 2768 annum1329¹z
717 2711 776 2770 quo
791 2709 871 2751 anno
887 2692 1023 2752 Albertus
1043 2701 1071 2748 et
1090 2688 1234 2747 Mastinus
1253 2685 1329 2745 della

192 2787 278 2847 Scala
290 2800 412 2866 nepotes
424 2788 513 2849 Canis
524 2789 660 2863 Grandis,
668 2792 805 2850 Veronae
815 2791 1008 2867 principatum
1019 2787 1095 2846 nacti
1106 2797 1188 2858 sunt;
1206 2785 1328 2843 fortasse

191 2904 251 2945 non
272 2897 339 2945 ante
362 2885 461 2963 1351³.
504 2887 584 2948 Tum
600 2891 678 2948 enirn
692 2889 837 2949 Mastinus
857 2899 987 2948 mortuus
1001 2897 1053 2958 est,
1073 2896 1145 2944 teste
1164 2884 1329 2961 Pagliarino

190 2985 220 3042 in
235 2985 396 3044 Annalibus
410 2986 571 3046 Vicentinis
579 3007 587 3060 ;
610 2990 748 3048 successit
763 2989 836 3047 filius
851 2989 913 3046 eius
928 2986 1017 3046 Canis
1032 2984 1158 3045 Grandis
1172 2984 1211 3042 IL

234 3083 292 3143 Sed
313 3095 342 3142 et
362 3083 504 3156 Petrarca,
519 3086 646 3162 aequalis
665 3086 850 3162 Pastrengici,
870 3085 1016 3145 Catullum
1036 3093 1137 3142 norat:
1159 3100 1228 3141 nam
1249 3093 1278 3140 ct
1298 3082 1329 3140 in

193 3181 356 3259 Triumpho
367 3182 484 3242 Amoris
495 3183 546 3242 IV.
564 3203 598 3259 19
610 3185 755 3244 Catullum
767 3186 915 3244 Tibullum
929 3185 1110 3260 Propertium
1126 3201 1185 3241 una
1199 3198 1329 3240 comme-

192 3291 294 3351 morat,
310 3281 381 3339 etin
397 3280 540 3342 senilibus
554 3282 606 3340 XI.
620 3301 636 3357 3
651 3284 723 3342 baec
738 3284 806 3343 dicit
820 3281 895 3343 Solet
905 3285 984 3354 mibi,
999 3289 1030 3340 ul
1045 3279 1157 3340 cantu·
1171 3279 1331 3338 Verorunsis

192 3378 274 3436 uerbo
294 3385 368 3449 utor,
389 3398 462 3437 meas
481 3400 535 3438 esse
554 3381 664 3456 alr'quil
679 3389 781 3456 patore
803 3377 924 3458 nugos⁴,·
953 3392 990 3452 et,
1012 3380 1092 3455 quod
1116 3379 1179 3456 ipsa
1200 3379 1331 3438 cannina

193 3495 262 3536 eum
290 3476 394 3553 legisse
422 3478 608 3550 demonstrat,
636 3497 755 3539 uersum
782 3480 864 3539 affert
891 3479 1086 3556 grammaticis
1113 3496 1175 3536 non
1202 3477 1330 3548 citamm,

226 3659 235 3689 ¹
252 3660 327 3708 Etiam
338 3659 455 3708 Tibullum
467 3661 552 3726 legerat
563 3664 720 3728 Pastrengicus
731 3680 754 3724 p.
764 3664 810 3712 881³
826 3663 898 3712 Osiris
908 3663 1073 3727 Aegyptiorum
1084 3661 1139 3709 deur
1150 3671 1232 3708 aratra
1240 3661 1331 3723 primus

193 3743 259 3805 apud
275 3744 400 3806 Aegyptios
414 3744 479 3804 fecit,
499 3754 585 3792 taram
599 3745 669 3806 serra
688 3747 825 3802 sollicitauit,
844 3757 867 3794 et
884 3747 1000 3808 inexperta
1020 3745 1105 3794 urina
1125 3744 1241 3799 commeat,
1258 3733 1330 3805 poma

193 3825 308 3890 abignon'a
323 3826 380 3890 legit
395 3827 522 3884 arboribus,
536 3829 598 3889 polis
614 3829 682 3877 uitem
698 3830 811 3885 adiuuem
828 3829 966 3891 uiridemqua
981 3843 1070 3874 romam
1086 3827 1147 3873 dura
1157 3825 1223 3887 solco
1239 3827 1331 3874 eosdm

193 3910 271 3958 docuit
280 3921 301 3958 et
312 3926 340 3958 est
352 3920 443 3958 maturo
456 3926 503 3957 uua
514 3927 594 3959 suaues
604 3911 702 3974 liquores
713 3913 826 3974 aprasnt.
859 3912 896 3960 Cf.
908 3912 962 3959 Tib.
975 3911 992 3959 l.
1007 3919 1028 3972 7.
1043 3907 1129 3974 29-36.

227 3991 237 4020 ¹
256 4007 317 4058 13²9
329 3993 454 4057 significare
466 3995 555 4042 uidetur
567 3995 706 4059 epigramma
718 3995 854 4043 Gratidiadii
867 3993 971 4042 Grimani
988 3995 1091 4041 ‘Annua
1103 4002 1156 4039 tuac
1167 3991 1237 4054 lapsis
1248 4007 1331 4040 merno-

194 4084 201 4104 ‘
213 4077 282 4124 rabat
293 4077 354 4123 mille
364 4085 471 4124 nunuos
484 4076 596 4137 Tempora
608 4077 676 4140 uirga
684 4087 769 4140 parens
780 4087 814 4124 ter
824 4077 871 4125 tria
883 4077 957 4139 bisque
968 4074 1058 4124 neem!
1091 4075 1210 4138 Pagliarin.
1222 4091 1244 4136 p.
1256 4087 1309 4137 104.

227 4155 238 4186 ⁸
253 4159 399 4222 Epigramma
417 4159 476 4219 apud
493 4158 646 4222 Pagliarinunr
662 4176 684 4222 p.
697 4172 743 4222 114
755 4159 855 4207 Occubm
868 4161 946 4221 primo
959 4167 1011 4220 post
1023 4173 1094 4205 aanor
1106 4157 1167 4205 mlle
1178 4167 1284 4206 truentm
1294 4156 1332 4206 Aa

195 4241 265 4289 docus
276 4243 379 4304 numqua
390 4241 433 4288 tux
445 4241 492 4288 ibat
502 4242 568 4288 tertia
579 4241 644 4289 Iulii.

229 4322 307 4370 ‘Hoc‘
325 4339 354 4370 ex
372 4323 429 4370 Plini
449 4324 480 4370 H.
493 4323 524 4370 N.
540 4325 613 4371 Praei.
631 4327 669 4384 §1
691 4324 766 4385 potuit
785 4337 887 4377 sumere;
907 4324 946 4371 red
964 4339 1009 4371 non
1028 4325 1096 4371 credo
1114 4323 1241 4386 sumpsisse,
1260 4331 1332 4384 quum

196 4407 279 4455 Plinius
291 4413 380 4454 mutatb
392 4407 471 4454 ordine
483 4408 603 4454 uerborum
616 4408 676 4455 dicat
689 4415 783 4470 'putare
795 4423 842 4456 esse
853 4409 938 4469 aliquid
950 4423 1011 4455 meas
1022 4408 1108 4470 nugas!
