3118 5054
555 383 916 445 PROLEGOMENA.
1214 380 1311 439 xxxvii

163 568 330 641 ‘quantrnn
343 564 596 626 obscurauerint¹.’
637 567 758 627 Librum
777 579 892 626 summa
909 583 979 626 eura
996 573 1140 624 mutus
1156 573 1201 624 est
1214 562 1310 622 Lach-

160 679 298 735 mannus,
313 673 343 722 et
361 675 428 741 post
447 683 516 723 eum
532 664 556 723 F
557 664 715 724 roehnerus
730 675 759 722 et
773 663 949 723 Schwabius
991 663 1096 723 Nullus
1115 673 1195 721 extat
1214 661 1309 720 codex

161 763 212 840 qui
231 771 293 821 tam
312 773 410 838 aperte
429 764 468 821 ab
486 765 606 840 antiquo
623 763 781 838 exemplari
798 763 986 839 transcriptus
1003 761 1095 833 firerit,
1111 758 1191 838 (uide
1209 759 1309 818 Prole·

161 877 315 935 gomenon
334 878 382 935 pp.
397 860 463 930 xvii,
479 859 557 938 xviii)
571 861 649 919 unde
667 860 891 936 orthographiae
908 859 1010 935 regula
1023 876 1060 916 ex
1074 875 1110 917 eo
1124 857 1309 934 potissimum

161 973 181 1014 a
194 975 244 1014 me
259 957 417 1014 constituta
430 967 483 1016 est

203 1059 243 1119 L.
266 1060 315 1119 Sic
330 1061 425 1119 dictus
440 1079 457 1118 a
471 1060 627 1120 Laurentio
639 1060 788 1120 Santenio.
830 1059 986 1120 Cartaoeus
997 1070 1041 1119 est
1055 1059 1149 1118 forma
1159 1058 1310 1116 octonaria

163 1158 249 1217 Sacc.
265 1157 332 1215 XV.
373 1157 457 1216 Folia
479 1159 567 1217 habet
592 1173 648 1231 50;
674 1159 805 1234 singulae
829 1159 954 1235 paginae
978 1175 1115 1216 uersuum
1138 1156 1310 1232 plerumque

161 1265 233 1315 sunt
249 1269 296 1328 25.
339 1254 427 1314 Foliis
444 1274 558 1316 1—111
576 1257 683 1332 scripta
696 1267 741 1315 est
752 1255 845 1331 elegia
861 1259 917 1330 136
931 1273 1078 1326 uersuum,
1092 1255 1236 1312 incertum
1250 1270 1310 1330 quo

162 1363 283 1411 auctore
291 1371 300 1422 ;
317 1351 386 1411 solio
397 1352 442 1410 IV
453 1351 558 1412 Canuti
568 1353 639 1412 liber
650 1355 760 1430 incipit.
791 1354 963 1428 Adscriptae
975 1361 1042 1410 sunt
1052 1351 1149 1410 uariae
1160 1350 1310 1420 lectiones,

162 1465 288 1524 quanam
303 1449 392 1506 ‘alias
410 1449 474 1525 ipse
493 1450 589 1508 scriba
609 1468 677 1508 cum
694 1459 825 1508 exararet
845 1449 964 1520 addidit,
978 1449 1048 1507 alias
1068 1447 1192 1506 dubitari
1213 1455 1312 1522 potest

161 1551 285 1604 ‘uuum
308 1546 386 1604 idem
409 1547 462 1605 sed
483 1547 540 1604 alio
564 1557 696 1622 tempore
720 1556 807 1623 atque
828 1547 941 1606 calamo
962 1555 991 1604 et
1011 1555 1173 1604 atramento
1194 1545 1311 1604 diuerso

163 1648 267 1710 ‘usus
282 1661 321 1701 an
340 1643 412 1702 aliu's
432 1645 526 1702 scriba
544 1643 583 1702 illi
601 1653 694 1702 aetate
708 1643 768 1702 sere
781 1645 908 1720 aequalis
922 1638 1089 1702 adiecerit².’
1130 1641 1222 1701 Hunc
1243 1659 1311 1700 cum

160 1739 284 1800 Dauno
297 1741 328 1798 in
342 1741 468 1800 editione
482 1759 535 1800 sua
549 1751 627 1802 totos
641 1741 770 1801 exhibuit
783 1741 990 1802 Lachmannus
998 1759 1007 1814 ;
1029 1739 1151 1798 collatus
1165 1749 1209 1798 est
1223 1739 1311 1798 etiam

162 1855 182 1896 a
198 1835 362 1896 Schwabio.

208 1941 242 2000 C.
279 1941 466 2000 Colbertinus
483 1943 514 2000 in
528 1941 602 2002 Bibl
616 1942 723 2018 Imper.
739 1941 827 2002 Paris.
843 1943 933 2017 8234,
954 1941 1196 2000 membranaceus
1218 1936 1314 1996 forma

162 2039 349 2114 quaternaria
369 2056 444 2097 saec.
459 2038 525 2098 XV.
568 2039 650 2098 Folia
669 2039 758 2097 habet
772 2042 828 2112 83;
853 2040 929 2112 1-38
949 2038 1102 2096 continent
1121 2035 1230 2093 Tibulli
1251 2052 1314 2094 car·

162 2135 254 2204 mina,
265 2138 364 2210 38-83
374 2134 529 2195 Catullum
562 2136 635 2195 Folii
647 2140 685 2210 38
696 2138 727 2194 in
738 2136 852 2194 sinistra
861 2136 970 2211 pagina
980 2133 1081 2208 incipit
1094 2131 1127 2202 Q.
1141 2129 1313 2190 VALERI.

164 2232 220 2292 CA
226 2230 366 2289 TVLLI
386 2231 630 2292 VERONENS.
644 2232 709 2291 AD
724 2231 911 2292 CORNEL.
926 2227 1157 2290 NEPOTEM.
1171 2227 1314 2287 LIBER

165 2326 306 2388 CARM.
321 2328 345 2386 I
360 2349 454 2406 usque
475 2331 513 2389 ad
532 2331 581 2389 aa
600 2331 727 2406 ligatam.
769 2329 852 2389 Folia
870 2332 969 2404 39-60
988 2337 1125 2388 constant
1144 2329 1259 2404 paginis
1276 2339 1311 2401 2³1

162 2443 315 2496 uersuum,
336 2444 411 2502 quae
433 2437 570 2486 secuntur
593 2431 639 2486 28.
689 2426 821 2486 Collatus
844 2437 888 2486 est
909 2443 964 2502 pro
985 2444 1034 2484 me
1059 2425 1275 2485 accuratissime
1296 2443 1315 2484 a

163 2524 202 2585 C.
213 2523 252 2584 D.
268 2524 414 2586 Cobham.

205 2633 245 2692 A.
281 2633 503 2706 Ambrosianus,
523 2633 555 2690 in
574 2631 647 2691 Bibl
666 2631 864 2691 Ambrosiana
881 2629 1042 2690 Mediolani
1062 2628 1106 2687 M.
1123 2633 1170 2704 38.
1213 2629 1314 2688 Carta·

163 2747 246 2800 cens,
267 2728 345 2788 soliis
360 2744 408 2803 53,
431 2747 557 2805 quorum
581 2730 706 2805 paginae
732 2729 862 2803 singulae
889 2747 925 2786 aa
949 2742 1052 2786 uersus
1075 2727 1192 2785 habent.
1233 2725 1316 2784 Vidit

164 2845 235 2886 eum
261 2827 401 2902 Olgiacus
425 2844 505 2884 anno
527 2829 613 2901 1603,
638 2837 671 2886 ut
694 2837 813 2886 testatus
837 2835 881 2885 est
906 2827 968 2901 ipse
992 2825 1041 2884 uel
1064 2826 1137 2884 alius
1162 2825 1314 2902 quispiam.

164 2925 260 2984 Hunc
280 2926 344 3000 ipse
365 2925 491 2997 contuli;
513 2927 666 3000 quaedam,
688 2926 724 2984 de
745 2926 850 3001 quibus
871 2925 1007 2983 incertior
1030 2923 1151 2992 sueram,
1174 2923 1252 2981 misit
1278 2921 1316 2980 ad

164 3041 225 3094 me,
240 3023 376 3099 Phillippi
389 3023 485 3099 Pusey
500 3033 613 3100 rogatu,
628 3024 664 3081 A.
676 3023 801 3094 Ceriani,
815 3024 997 3099 praepositus
1011 3022 1213 3080 bibliothecae.

208 3127 253 3187 Hi
274 3139 332 3187 tres
353 3129 470 3189 codices
490 3128 596 3208 (LCA)
616 3129 761 3189 artissimo
782 3129 900 3188 uinculo
921 3129 1067 3188 societatis
1091 3130 1165 3187 inter
1189 3147 1222 3186 se
1246 3147 1318 3188 con-

165 3228 335 3302 iungamtur.
366 3225 426 3284 Sed
439 3227 569 3302 priorum
579 3224 657 3306 (LC)
668 3236 781 3285 tantum
796 3237 863 3284 ante
877 3245 925 3284 me
941 3226 1034 3285 editae
1049 3235 1117 3284 sunt
1130 3225 1300 3284 collationes
1308 3243 1317 3298 ;

165 3321 301 3400 Heysius
319 3325 397 3382 enim
411 3325 462 3400 qui
474 3325 704 3384 Ambrosianum
722 3323 843 3394 uiderat,
858 3324 928 3382 nihil
949 3342 986 3382 ex
1007 3341 1043 3382 eo
1064 3324 1204 3400 uulgauit.
1247 3323 1319 3382 Non

166 3421 206 3480 de
228 3421 289 3480 hoc
314 3421 384 3480 dicit
405 3421 530 3480 Vossius
552 3441 602 3498 pp.
625 3436 693 3496 215,
715 3441 783 3498 329,
805 3425 874 3494 284,
896 3422 949 3481 sed
972 3421 1008 3480 de
1030 3421 1054 3480 I.
1071 3425 1107 3495 67
1134 3431 1166 3480 ut
1191 3421 1319 3480 Ceriano

165 3519 293 3588 uidetur,
307 3520 389 3578 cuius
403 3519 476 3579 baec
490 3521 581 3578 uerba
595 3530 669 3580 sunt.
712 3525 720 3551 ‘
735 3520 781 3578 Ex
795 3520 967 3579 lectionibus
981 3518 1080 3578 Vossii
1096 3518 1175 3599 (edit.
1190 3518 1319 3577 Londin.

167 3611 176 3648 '¹
196 3611 288 3694 1⁶84)
304 3615 342 3674 ad
356 3615 452 3675 Carm,
470 3618 517 3688 64.
536 3635 592 3691 ¹94
604 3623 768 3691 postponat,
790 3616 828 3675 ad
849 3615 946 3674 Carm.
962 3634 1010 3691 99.
1029 3634 1066 3674 10
1083 3614 1228 3690 Tanquam
1249 3634 1319 3673 com·

167 3715 268 3771 ‘meite
285 3723 387 3789 spurca
402 3715 495 3771 salaiaa
510 3721 613 3790 guttae,
627 3715 722 3774 codex
736 3713 965 3774 Mediolanensis
979 3715 1040 3772 eius
1053 3713 1264 3772 uetustissimus
1275 3723 1321 3772 est

168 3816 176 3842 ⁶
192 3810 216 3869 l.
228 3813 278 3884 67,
293 3811 343 3886 qui
357 3829 433 3870 unus
448 3812 489 3870 sic
503 3811 573 3888 legit
586 3831 624 3870 ex
638 3811 839 3870 Ambrosianis
852 3812 883 3869 in
896 3821 1020 3887 utroque
1033 3811 1110 3882 loco,
1124 3810 1180 3868 nisi
1194 3811 1276 3886 quod
1291 3810 1320 3868 in

169 3913 178 3942 ⁴
214 3909 314 3967 rimol
408 3909 445 3967 'ui
468 3910 487 3966 't
546 3915 560 3966 t
723 3910 732 3966 i
787 3907 885 3966 0Tam
919 3952 926 3966 .
955 3908 1067 3966 Verum
1078 3906 1176 3966 Cann.
1188 3906 1319 3966 LXVIII

170 3909 668 4085 ‘ffvossiioffaciilzlcilegliisqrpiidetearii'
679 3919 798 4066 {tergum
812 3929 986 4082 exemqglaris
999 4005 1229 4065 Mediolanensis
1249 4014 1282 4063 ut
1303 4021 1322 4064 a

171 4103 306 4163 ‘Vossio
327 4103 454 4174 affertur,
474 4105 527 4163 sed
547 4122 609 4162 non
631 4104 719 4164 habet
741 4105 772 4163 in
793 4105 925 4180 margine
947 4102 1048 4162 Seneca
1069 4103 1210 4179 suppleuit,
1233 4117 1321 4178 quam

172 4207 181 4234 ‘
196 4213 298 4262 notam
312 4200 402 4262 habet
415 4202 506 4260 minio
521 4211 667 4260 exaratam
681 4202 785 4261 eadm
799 4219 888 4261 manu
906 4220 941 4260 ac
960 4211 1064 4270 textus,
1078 4218 1140 4258 non
1157 4199 1322 4259 charactere

173 4298 368 4370 'maiuscula
391 4299 486 4358 codex
511 4299 723 4360 Ambrosianus
748 4298 788 4358 H.
810 4302 858 4372 46,
881 4300 931 4377 qui
957 4307 1055 4357 tamen
1084 4315 1144 4357 non
1173 4300 1204 4357 in
1227 4296 1323 4354 trriai's

435 4435 444 4464 ¹
462 4436 592 4484 Schwabius
609 4452 631 4498 p.
644 4452 666 4486 x.
901 4433 911 4464 ¹
928 4436 984 4483 ibid.
1003 4450 1025 4496 p.
1037 4435 1068 4483 xi.
