3118 5054
227 408 272 464 viii
621 407 980 469 PROLEGOMENA.

268 593 316 650 Ad
332 592 477 650 Catullum
493 591 616 652 sortasse
630 595 774 670 pertinent
788 593 861 652 haec
877 593 968 652 Serm.
983 576 1068 652 VIII.
1087 611 1115 669 p.
1132 595 1191 664 624
1207 592 1231 650 B
1246 592 1291 652 ed.
1308 591 1374 650 Bal·

225 691 315 761 lerini,
330 689 397 749 Non
411 692 532 768 angelico
546 699 579 750 ut
590 691 674 750 Eleas
687 693 821 768 quondam
835 693 976 750 subuectus
990 712 1042 750 nare
1054 695 1203 768 peaae'gero
1217 698 1249 749 ut
1257 693 1376 766 poetriae

225 791 272 848 elle
291 791 404 846 uolatu:
425 789 461 848 cf.
482 789 586 850 Catull.
601 790 663 849 LV.
685 793 729 862 16,
748 805 781 864 17
803 789 871 848 Non
891 793 921 848 si
937 791 1060 866 Pegaseo
1071 792 1162 868 seror
1182 791 1285 860 uolatu,
1308 789 1375 847 Non

226 887 325 946 Ladas
338 907 386 963 ego
393 889 551 964 praeeperat
563 889 703 958 Perseus;
727 890 818 949 Serm.
834 891 874 949 11.
892 909 920 966 p.
934 903 993 964 595
1005 889 1031 949 C
1055 888 1138 960 Quem
1152 889 1242 965 finire
1255 891 1375 946 amariam

226 987 410 1064 qar'suerunt
425 994 492 1046 sunt
506 995 559 1046 out
576 996 659 1046 erunt
674 1008 726 1046 non
744 990 895 1046 uoluerunt
913 989 1007 1046 uakat
1025 989 1155 1046 uolebam
1171 987 1298 1064 loquenda
1318 1006 1377 1044 ser-

227 1103 324 1152 mones,
347 1097 376 1144 et
401 1085 493 1144 Serm.
511 1086 596 1145 VIII.
619 1106 647 1164 p.
663 1087 766 1160 627D
792 1086 917 1145 Galelaa'
941 1105 1006 1144 aero
1029 1089 1081 1163 qui
1103 1094 1171 1144 sunt
1185 1087 1313 1163 suerunt
1334 1087 1380 1142 uel

226 1192 311 1242 erunt
326 1186 386 1242 nesi
400 1187 452 1260 qui
465 1184 620 1244 Galilaeam
640 1187 811 1244 recoluerunt
827 1187 949 1244 recolunt
965 1186 1011 1244 uel
1027 1187 1167 1243 incolentes
1176 1185 1294 1262 saturis
1312 1189 1377 1241 tem-

220 1283 337 1360 poribus
353 1287 457 1341 erunt?
477 1283 514 1342 cl.
530 1283 594 1343 Cat.
609 1285 691 1343 XXI.
710 1305 724 1342 a
729 1303 746 1358 3
768 1282 836 1342 Non
850 1285 952 1342 harum
967 1285 1042 1342 modo
1055 1285 1104 1342 sed
1117 1291 1181 1358 quat
1195 1284 1382 1361 autsueruat

227 1382 291 1440 Aut
305 1388 372 1439 suat
388 1388 439 1439 aut
455 1382 520 1440 aliis
538 1385 666 1440 croatia
685 1385 768 1440 annis
786 1401 862 1458 quac
881 1383 971 1440 uerba
989 1383 1090 1440 leuiter
1108 1383 1261 1440 immutata
1278 1400 1377 1440 rursus

227 1480 363 1556 leguntur
377 1479 473 1538 XXV.
488 1499 514 1551 ι,
528 1498 554 1554 3,
575 1480 683 1540 XLIX.
699 1500 724 1550 2,
738 1499 773 1554 33
795 1479 883 1538 Liber
901 1480 1112 1556 Apologeticus
1133 1498 1161 1556 p.
1176 1495 1231 1553 501
1253 1479 1311 1539 Sed
1328 1481 1378 1538 hac

228 1597 328 1636 maesse
347 1597 401 1635 noa
422 1597 477 1636 esse
494 1579 597 1636 clamat
613 1579 772 1650 liberalitas,
787 1579 868 1654 quod
883 1578 1005 1638 sortasse
1022 1580 1060 1638 ad
1074 1577 1138 1638 Cat.
1150 1579 1202 1638 VI.
1216 1595 1231 1652 7
1248 1579 1376 1652 refertur,

229 1677 478 1754 quemadmodum
494 1677 531 1736 ad
542 1677 673 1736 Persium
686 1676 721 1756 (I.
732 1674 801 1755 115)
813 1695 889 1754 quae
903 1689 1039 1736 secuntur
1050 1683 1083 1736 ut
1089 1679 1241 1752 genue'rram
1256 1685 1377 1735 uestrum

227 1793 277 1832 aas
291 1777 330 1832 ita
344 1776 476 1832 rodentem
484 1776 591 1852 pistillo
600 1777 760 1834 lorasmodi
768 1783 938 1834 conteramus
948 1772 1019 1854 (5οι
1031 1774 1069 1852 C)
1081 1776 1119 1834 ad
1129 1775 1292 1852 Vergilium
1301 1775 1377 1854 (Ecl.

228 1873 282 1932 IX.
298 1871 349 1950 65)
367 1881 400 1930 ut
418 1882 444 1931 et
461 1893 501 1932 me
521 1875 606 1932 eodem
616 1875 702 1953 sasce
721 1876 814 1932 leuare
833 1882 860 1932 et
878 1875 953 1932 uobis
974 1875 1036 1932 inde
1056 1881 1198 1949 oleamque
1216 1893 1379 1932 conaerrere

228 1973 335 2030 ualeam
351 1970 423 2049 (439
439 1973 488 2051 Α).
536 1972 724 2049 Quamquam
747 1990 808 2031 non
831 1973 938 2030 infitior
961 1990 999 2030 ne
1021 1990 1114 2032 unum
1136 1973 1255 2048 quidem
1278 1973 1377 2031 locum
1437 1963 1442 1974 ’

228 2091 265 2130 ex
280 2071 325 2129 his
339 2083 398 2130 tam
413 2072 488 2130 clare
504 2073 541 2131 ad
557 2071 703 2131 Catullum
717 2073 815 2130 reserri
833 2083 865 2130 ut
883 2090 944 2130 non
964 2071 1081 2130 aliunde
1100 2072 1223 2130 derIuari
1243 2073 1376 2147 potuerit.

229 2169 300 2228 Post
320 2169 492 2229 RatherIum
512 2189 604 2247 usque
626 2172 663 2230 ad
684 2171 797 2229 Initium
818 2171 924 2229 saeculi
945 2170 1020 2228 XIII
1041 2189 1117 2229 unus
1137 2171 1250 2246 estqui
1270 2170 1378 2246 aliquid

230 2287 267 2326 ex
282 2267 385 2326 Catulli
402 2269 578 2328 carmInibus
598 2270 757 2328 laudauerit
772 2269 900 2327 Ioannes
920 2265 1149 2340 Sarisburiensis,
1165 2269 1214 2345 qui
1233 2269 1263 2326 in
1283 2267 1377 2326 Meta-

229 2367 324 2442 logiae
338 2366 428 2426 Libro
443 2367 467 2427 1.
484 2387 521 2440 24
542 2369 614 2427 haec
635 2370 704 2428 dicit
718 2368 880 2444 Antiquitas
899 2369 1049 2426 uocabatur
1062 2369 1195 2439 tolerator,
1210 2369 1294 2426 riexta
1309 2368 1382 2424 allud

232 2464 345 2524 Catulli
353 2465 466 2525 Manus
479 2468 529 2524 dat
540 2468 593 2526 tibi
603 2466 686 2526 Sulla
701 2468 827 2525 le'teratar
843 2467 937 2546 (XIV.
954 2464 994 2544 9).
1038 2467 1097 2526 Sed
1114 2467 1192 2526 hunc
1209 2485 1326 2526 uersum
1341 2485 1377 2526 ex

231 2563 377 2622 Martiano
405 2561 525 2641 Capella
552 2565 666 2624 uidetur
694 2566 911 2641 deprompsisse
937 2563 1004 2645 (III.
1031 2562 1102 2643 ²²9)
1130 2563 1230 2642 Itaque
1256 2573 1379 2623 assertor

230 2664 322 2720 nostri
344 2681 418 2720 nanc
444 2665 571 2722 literatus
598 2665 708 2735 aaziae,
733 2666 869 2722 litterator
892 2671 972 2722 antea
1001 2665 1159 2722 uocabatur.
1206 2663 1271 2721 Hoc
1297 2667 1378 2722 etr'om

233 2761 363 2822 Catullus
376 2763 488 2837 quidone
507 2783 560 2820 aaa
581 2765 708 2821 rasuauis
721 2770 800 2838 poeta
819 2770 1007 2821 commemorat
1025 2764 1115 2820 dicens
1131 2761 1245 2820 Munus
1263 2763 1313 2820 dat
1330 2763 1383 2820 tibi

230 2859 311 2936 Sylla
325 2861 457 2920 tolerator.
500 2860 656 2937 Nusquam
677 2873 923 2920 commemoratur
944 2881 961 2920 a
981 2861 1086 2932 Dante,
1106 2861 1263 2920 Viacentio
1283 2860 1379 2920 Bello·

230 2958 357 3027 uticensi
375 2957 509 3033 Hugone
527 2958 756 3034 Trimbergensi
798 2959 875 3018 Illud
895 2971 994 3018 tamen
1015 2978 1083 3018 uere
1104 2959 1206 3018 uideor
1226 2977 1314 3036 posse
1336 2959 1379 3016 di-

231 3073 304 3126 cere,
327 3055 427 3132 paucis
452 3057 608 3132 scriptores
631 3057 695 3114 aeui
718 3056 806 3115 medii
830 3067 891 3115 tam
915 3058 1051 3133 cognitos
1075 3075 1139 3116 esse
1164 3067 1196 3117 ut
1220 3076 1274 3134 pro
1298 3068 1379 3116 certo

229 3154 358 3213 habeant
378 3155 488 3213 nemIni
509 3173 611 3214 eorum
632 3152 779 3214 Catullum
800 3155 970 3214 innotuisse.
1012 3155 1098 3216 Duos
1122 3155 1205 3216 locos
1230 3173 1379 3232 apponam

229 3371 308 3404 aurern
321 3357 389 3418 (Hor.
401 3357 423 3404 S.
435 3357 454 3404 1.
468 3369 490 3404 1.
504 3357 554 3417 aa).
587 3357 656 3404 Serru.
674 3357 715 3405 vt.
735 3373 758 3418 p.
774 3356 859 3418 617A
879 3357 931 3404 Heu
953 3357 1002 3404 dira
1024 3357 1106 3404 furoris
1128 3357 1246 3413 Conditio.
1269 3357 1308 3418 qui
1330 3358 1380 3404 uim

229 3439 316 3500 patitur
327 3440 400 3502 magis
412 3440 450 3486 ille
461 3441 544 3504 ligatur
558 3441 634 3502 (quem
646 3455 737 3487 uersum
749 3441 822 3487 neseio
833 3441 894 3486 uada
905 3440 1058 3500 excerpserit).
1086 3440 1178 3486 Fluuius
1190 3440 1249 3486 eaim
1261 3439 1380 3504 necligaae

231 3522 366 3582 operationis
381 3522 476 3569 illoram
493 3521 522 3568 ab
538 3522 569 3570 eis
586 3524 615 3570 ad
632 3538 670 3570 me
687 3523 793 3570 decurrit.
826 3523 859 3568 Et
874 3535 917 3585 ego
934 3523 1001 3570 illam
1017 3522 1109 3570 turbari
1124 3522 1182 3585 agai
1198 3521 1261 3570 illias
1277 3522 1380 3584 exemplo

223 3603 345 3664 fabularis
356 3620 451 3651 accusor
463 3605 571 3666 (Phaedr.
580 3607 661 3654 taut.
670 3617 691 3653 1.
701 3605 734 3666 7).
769 3605 829 3652 Hinc
841 3605 964 3652 Ratherim
976 3605 1090 3668 colligitur
1103 3604 1176 3664 ipsum
1188 3605 1284 3652 Phaedri
1297 3605 1379 3650 librum

230 3685 318 3749 legisse.
353 3687 429 3734 Aliam
450 3689 551 3735 tabulam
570 3689 599 3736 de
618 3689 685 3735 Rana
707 3689 775 3735 Mure
793 3697 817 3736 et
834 3688 949 3748 Accipitre
965 3688 1056 3750 (VII.4
1070 3688 1106 3734 ed.
1118 3687 1229 3747 Dressler)
1247 3697 1335 3747 spectat
1356 3688 1379 3733 in

230 3771 314 3818 eodem
331 3769 438 3816 Semrone
451 3773 483 3833 (p.
496 3768 544 3818 618
558 3771 596 3831 13).
630 3771 702 3831 Epist.
713 3771 754 3818 XI.
769 3768 817 3831 560
838 3771 988 3817 Tolerabilius
999 3783 1055 3816 nam
1064 3771 1149 3830 suerat
1159 3780 1260 3816 uestram
1271 3770 1302 3816 sie
1312 3769 1380 3830 serre

230 3852 364 3906 dominium.
376 3853 712 3915 atquemeimerera‚e1emdem
729 3853 847 3916 diligerem
864 3853 946 3913 ipsm,
958 3862 984 3899 ut
994 3851 1075 3912 facere
1089 3853 1251 3898 iacbooaeram
1264 3852 1340 3907 illam,
1351 3853 1381 3900 de

230 3948 275 3996 quo
291 3934 347 3982 mihi
361 3947 487 3997 coagrmere
502 3935 564 3982 illud
571 3935 620 3996 secl
630 3936 774 3982 Nasoaicum
785 3937 871 3982 Probra
884 3935 1048 3994 Therapnaeae
1060 3935 1098 3995 qui
1111 3935 1200 3982 dixerat
1211 3945 1265 3982 aute
1276 3936 1380 3991 maritae.

232 4015 292 4062 Mox
304 4017 385 4064 cecInit
396 4019 473 4064 laudes
484 4019 625 4079 prosperiore
636 4019 685 4080 lyra
699 4018 778 4082 (Ouid.
791 4021 820 4066 Α.
831 4020 859 4066 Α,
873 4019 914 4064 III.
926 4031 966 4081 49,
979 4017 1030 4078 50).
1064 4017 1106 4080 Ep.
1118 4019 1182 4066 XIV.
1196 4033 1219 4080 p.
1232 4017 1280 4082 569
1292 4019 1381 4080 Hyper-
1484 4023 1486 4028 “

231 4097 299 4144 baton
319 4115 371 4145 cum
389 4100 526 4163 ambagibus
545 4101 591 4148 sais
608 4103 712 4149 omitteres
730 4117 780 4148 rem
798 4101 871 4162 ipsam
887 4110 973 4163 quanta
991 4115 1056 4148 meae
1073 4115 1124 4161 pars
1141 4111 1217 4148 uestm
1235 4103 1263 4148 sit
1280 4103 1379 4158 animae,

230 4181 294 4228 audo
315 4193 336 4229 et
359 4192 437 4244 aperto
459 4199 561 4230 samsone
583 4199 619 4231 ase
640 4185 707 4231 iuuat
728 4185 858 4238 describere,
881 4183 1011 4231 scholastice
1033 4183 1053 4230 si
1074 4199 1119 4230 aaa
1144 4184 1210 4231 ooleo
1233 4185 1321 4231 odram
1343 4185 1381 4232 ael

230 4263 320 4320 metire.
337 4281 381 4310 aaa
393 4265 450 4327 fiete
465 4275 542 4312 tooure
559 4267 614 4328 quia
628 4276 691 4328 para
708 4266 776 4312 traha
793 4281 847 4312 ιιοιι
863 4267 926 4327 quod
944 4266 999 4313 latet
1016 4281 1098 4313 arcana
1115 4281 1163 4312 nou
1180 4267 1305 4314 enarrabile
1322 4267 1380 4314 fibra

231 4347 304 4408 (Pers.
316 4348 345 4394 V.
362 4348 421 4411 29);
446 4357 557 4410 paorsarm
580 4364 621 4395 nos
644 4349 736 4396 sinuoso
759 4349 782 4395 In
805 4359 897 4409 pectore
920 4347 959 4394 furi
980 4349 1024 4409 (ib.
1039 4349 1079 4410 27)
1099 4359 1179 4396 natare
1198 4349 1279 4411 gestio.
1313 4350 1382 4398 lllad

230 4429 341 4476 animm
363 4430 432 4476 nostis
455 4431 533 4477 Dauus
556 4445 606 4477 sum
629 4447 675 4477 non
698 4432 800 4492 Oedipus
820 4431 890 4492 (And.
908 4431 925 4478 I.
940 4443 961 4477 2.
976 4431 1017 4492 ²3)
1040 4441 1066 4478 at
1084 4431 1176 4492 sorotis
1198 4432 1272 4479 uerbis
1287 4431 1379 4492 sullam

231 4511 354 4559 audientes.
