3074 5066
238 409 297 464 260
636 407 691 466 DE
719 406 978 468 PARTITIONE

233 586 376 646 Frankius
401 607 490 663 9999.
542 589 645 666 Itaque
670 591 870 650 intercalarem
895 607 1013 650 uersum
1038 599 1082 648 ter
1108 590 1190 664 (342,
1217 603 1286 663 352,
1313 583 1393 662 365)

233 685 341 743 omittit
349 704 357 757 ;
377 697 502 762 quatuor
516 697 613 745 autern
627 705 730 746 uersus
744 699 845 748 censet
858 697 926 764 post
942 691 1001 762 360
1015 687 1144 763 periisse.
1174 685 1266 757 Quod
1281 704 1299 744 a
1313 701 1394 744 uem

232 782 388 842 abhorrere
407 800 495 842 nemo
515 785 622 860 estqui
643 803 705 844 non
724 785 854 844 fateatur.
897 785 1005 844 Melius
1022 785 1111 843 credo
1132 783 1278 842 iacturum
1295 783 1395 841 luisse

1241 888 1288 914 μ...

233 929 257 986 si
272 938 388 989 seruato
403 929 514 1006 reliquo
529 931 677 991 schemate
692 933 837 992 mesodon
851 933 893 992 sic
908 931 1105 991 constituisset
1123 945 1223 1004 55555
1244 933 1284 1001 46
1300 953 1333 980 =
1352 947 1394 986 10

232 1037 263 1083 ut
283 1026 417 1102 strophas
436 1027 556 1087 haberet
573 1029 702 1105 quinque
717 1031 881 1104 quinorum,
896 1030 969 1089 duas
989 1048 1065 1106 quae
1086 1029 1260 1088 coniunctae
1280 1028 1394 1086 decem

233 1131 331 1180 essent
345 1139 492 1180 uersuum.

276 1218 414 1295 Superest
434 1230 465 1278 ut
484 1239 581 1279 meam
602 1221 664 1298 ipse
684 1222 857 1281 sententiam
871 1221 1025 1298 proferam.
1068 1221 1230 1281 Considera
1244 1238 1395 1280 numeros

234 1325 267 1374 ut
281 1317 311 1374 in
325 1317 476 1376 codicibus
490 1327 642 1377 seruantur

428 1491 495 1560 5⁶
529 1507 546 1558 4
611 1490 1053 1669 5554÷1amiss.5—4—p
1118 1509 1176 1564 433

235 1719 339 1779 Statim
360 1720 502 1797 intelliges
523 1723 652 1781 medium
674 1723 772 1781 locum
793 1733 893 1781 tenere
917 1723 1052 1800 strophas
1073 1725 1201 1799 quinque
1222 1723 1391 1798 quinomm

232 1837 387 1889 uersuum;
410 1837 446 1877 ex
467 1820 556 1878 altera
577 1831 658 1896 parte
680 1823 718 1890 64
737 1820 950 1896 respondentes
971 1821 1026 1879 sibi
1047 1821 1154 1878 habere
1172 1823 1210 1891 46
1225 1839 1261 1878 ex
1283 1821 1390 1878 altera

234 1914 337 1974 Restat
361 1925 392 1973 ut
408 1930 425 1989 5
442 1939 474 1968 =
489 1936 548 1990 433
564 1915 638 1994 (ιο).
690 1916 754 1976 Nec
778 1917 859 1977 deest
882 1937 971 1977 causa
992 1919 1206 1994 geminationis.
1249 1917 1329 1976 Nam
1355 1919 1391 1976 in

234 2013 378 2089 principio
393 2013 430 2072 de
445 2012 533 2072 Peleo
551 2033 612 2074 uno
632 2033 731 2074 senno
751 2025 811 2086 est;
834 2017 863 2073 in
881 2016 939 2074 fine
956 2016 993 2074 de
1007 2015 1096 2073 Peleo
1115 2026 1144 2074 et
1158 2015 1293 2074 Thetide.
1335 2014 1388 2073 Ex

233 2130 294 2171 uno
316 2111 384 2171 duo.
426 2112 510 2172 Idem
525 2114 700 2173 Theocritus
719 2115 787 2174 lecit
805 2117 835 2173 in
850 2115 1044 2191 Epithalamio
1063 2115 1193 2174 Helenes
1211 2132 1388 2191 quanquam

234 2227 295 2268 non
310 2228 429 2286 prorsus
443 2211 527 2270 sirnili
541 2213 640 2271 rnodo.
682 2212 754 2271 Eius
769 2217 858 2284 σχῆμα
872 2222 917 2270 est
932 2216 949 2270 8
969 2210 974 2290 Ι
993 2228 1030 2286 55
1047 2231 1085 2286 33
1102 2215 1140 2286 65
1156 2215 1224 2284 655.
1266 2211 1304 2269 In
1321 2229 1388 2286 quo

233 2307 352 2366 ultirnae
367 2311 501 2381 περικοπαὶ
516 2312 533 2367 6
549 2331 580 2360 =
593 2311 621 2379 6,
638 2323 701 2382 5:
715 2323 753 2383 55
767 2307 841 2388 (ιο).
874 2309 979 2368 Similis
993 2310 1152 2384 geminatio
1167 2317 1211 2367 est
1223 2309 1388 2366 uerborum

235 2405 339 2480 prioris
352 2411 493 2479 περικοπῆς
507 2421 534 2480 5.

437 2530 547 2602 χαίροις,
562 2529 582 2583 dr
596 2527 694 2601 νῦμφα,
709 2526 810 2602 χαίροις
825 2530 961 2602 εὐπένθερε
975 2529 1079 2602 γαμβρέ

438 2628 513 2680 Λατὼ
527 2629 574 2694 μὲν
587 2624 653 2694 δοίη,
667 2627 742 2681 nard
756 2629 932 2698 κουροτρόφος
945 2631 1024 2696 ὔμμιν

438 2724 575 2793 εὐτεκνίαν,
592 2721 689 2793 Κῦπριε
702 2725 731 2777 δι’
745 2724 791 2778 θεὰ
806 2721 904 2793 llt‘nrpts
918 2719 978 2778 ἴσον
991 2723 1100 2794 ἕροσθοι

438 2819 570 2890 ἀλλήλων,
585 2823 648 2878 Ζεὺς
661 2823 689 2876 δὲ
705 2821 829 2892 Κρονίδας
843 2821 906 2878 Zetis
918 2821 1032 2892 ἄφθιτον
1045 2819 1135 2887 ὄλβον,

438 2919 473 2974 das
485 2918 516 2987 ἒξ
530 2919 684 2990 εὐπατριδᾶν
698 2919 734 2974 eis
749 2919 902 2989 εὐπατρίδας
915 2919 994 2973 πάλιν
1007 2919 1080 2986 ἔλθῃ.

277 3059 316 3120 At
338 3078 399 3120 non
420 3063 461 3122 sic
482 3063 607 3123 mesodo
628 3066 793 3122 continetur
816 3082 933 3122 carmen
958 3064 995 3122 de
1017 3062 1137 3134 Achille,
1159 3062 1239 3139 quod
1264 3061 1389 3121 ulterius

236 3161 400 3220 extenditur
424 3160 511 3237 idque
536 3162 566 3219 in
591 3161 725 3238 strophas
750 3163 878 3220 numeris
899 3161 946 3220 alii
968 3172 1141 3238 argumento
1163 3160 1388 3220 conuenientes

236 3257 315 3318 Nam
335 3269 367 3317 ut
388 3259 418 3317 in
439 3259 561 3318 exordio
583 3260 690 3335 nuptiis
707 3259 870 3317 tribuuntur
884 3261 912 3330 6,
928 3278 955 3330 4,
971 3261 1077 3336 nuptiis
1098 3277 1216 3336 quoque
1237 3257 1388 3316 tribuendi

236 3367 318 3414 erant
334 3377 360 3428 4,
376 3359 403 3414 6.
447 3357 505 3414 Sed
523 3355 653 3414 Catullus
675 3367 790 3414 secutus
812 3365 856 3414 est
876 3355 1074 3426 Theocritum,
1096 3357 1177 3414 cuius
1197 3359 1301 3429 ἀριθμοὶ
1321 3373 1387 3414 11011

236 3473 354 3531 semper
374 3454 477 3514 iisdem
499 3455 629 3513 terminis
649 3454 756 3529 quibus
777 3454 858 3530 ipsae
879 3471 925 3512 res
945 3454 1166 3512 concluduntur.
1209 3453 1257 3511 Sic
1272 3453 1301 3510 in
1316 3452 1386 3512 Eid.

236 3553 272 3610 V.
290 3555 390 3626 45-60
409 3567 443 3626 15
459 3563 527 3612 sunt
540 3571 642 3612 uersus
656 3553 685 3609 in
701 3567 718 3625 5
730 3571 751 3612 x
763 3571 779 3626 3
796 3553 955 3626 distributi;
977 3553 1083 3628 quibus
1097 3551 1275 3627 respondent
1289 3551 1387 3609 ultimi

240 3664 286 3723 15,
301 3649 353 3708 sed
368 3667 423 3708 nec
437 3667 467 3707 re
482 3667 537 3707 nec
551 3653 708 3723 περικοποῐς,
723 3667 821 3708 rursus
835 3651 913 3708 enirn
928 3650 958 3707 in
976 3669 990 3706 a
995 3668 1011 3723 3
1031 3668 1067 3707 10
1082 3649 1258 3708 scinduntur.

278 3746 401 3806 Restant
425 3766 475 3805 uu.
497 3748 653 3820 382·408;
682 3764 807 3822 quorum
829 3751 919 3820 σχῆμα
939 3765 1006 3806 cum
1031 3745 1156 3804 Frankio
1180 3747 1221 3805 sic
1244 3745 1320 3803 lacio
1345 3764 1386 3819 23

239 3863 373 3904 10102.

277 3942 412 4001 Transeo
441 3942 478 4000 ad
506 3959 530 4000 c.
557 3939 642 3998 LXII
671 3940 751 4016 quod
779 3949 809 3998 et
836 3941 933 4018 ipsum
958 3939 1133 3998 hexametris
1162 3939 1300 4015 scriptum
1329 3949 1385 3998 est.

236 4038 370 4097 Aliorum
387 4041 545 4099 sententias
560 4040 618 4096 iarn
633 4038 662 4095 in
676 4037 854 4114 praefatione
869 4038 1003 4096 carminis
1018 4038 1147 4114 exposui
1191 4035 1256 4111 Ego
1278 4037 1302 4094 si
1323 4037 1386 4094 iam

236 4135 267 4192 in
291 4111 513 4212 Prolegomeni's
541 4136 683 4211 explicaui
712 4146 783 4210 quot
807 4153 909 4194 uersus
931 4153 966 4192 ex
991 4134 1138 4211 archetypi
1167 4135 1261 4193 lorrna
1283 4134 1387 4192 amissi

236 4231 418 4306 colligantur,
438 4251 501 4293 non
522 4235 619 4292 minus
644 4233 673 4292 id
695 4251 731 4290 ex
753 4232 807 4292 hac
830 4231 1024 4308 descriptione
1048 4231 1078 4289 in
1100 4241 1197 4308 partes
1218 4231 1386 4290 confirmari

236 4329 367 4387 arbitror.
420 4330 498 4389 Nam
520 4333 574 4389 tria
595 4340 661 4390 sunt
684 4332 713 4388 in
737 4350 761 4389 c.
777 4329 863 4387 LXll
886 4348 961 4406 quae
986 4330 1092 4388 cadant
1116 4331 1146 4388 in
1170 4329 1384 4405 quaestionem.

238 4421 282 4504 (1)
305 4444 332 4484 u.
349 4443 383 4497 14
407 4445 507 4485 reuera
528 4429 564 4487 sit
585 4427 690 4486 Catulli
712 4447 805 4486 necne
828 4425 871 4504 (a)
890 4439 962 4504 quot
983 4446 1084 4487 uersus
1105 4438 1173 4504 post
1195 4447 1231 4502 3²
1248 4427 1386 4503 perierint
1451 4440 1458 4454 ·
