3074 5066
228 399 288 456 240
632 393 687 456 DE
715 393 976 457 PARTITIONE

228 579 258 639 in
272 589 398 656 quatuor
411 595 449 638 ex
462 577 514 638 his·
525 579 596 655 ipsls
613 587 726 656 septem
740 578 918 638 carminibus
933 575 1075 636 Horatius
1095 593 1166 636 usus
1186 575 1288 650 fuerit;
1309 595 1377 636 nam

227 674 380 746 1.11,1s,
405 675 459 736 IV.
478 693 514 734 ro
538 675 645 736 eodem
669 686 764 734 metro
789 675 904 751 scripsit
927 691 987 752 quo
1012 685 1107 734 totum
1132 675 1237 734 librum
1262 676 1376 734 tertium

228 773 365 851 Sappho;
388 772 444 833 111.
462 792 497 833 ra
520 773 623 834 lonicia
644 790 662 831 a
682 773 796 833 minore
816 773 922 850 quibus
936 772 1064 832 Alcaeus
1085 791 1204 832 carmen
1222 774 1268 844 ἐμ·
1289 776 1378 830 δειλὰ,

226 874 272 942 lpl
298 876 387 930 mir
414 875 560 928 sumaim
586 873 762 944 πιδίχοισωί
798 871 883 948 signa
910 881 1008 930 autem
1036 871 1197 948 partitionis
1225 889 1295 932 cum
1320 872 1377 930 iam

228 967 459 1045 Hephaestionis
482 979 613 1044 tempore
636 969 793 1027 obscurata
816 977 924 1038 essent,
946 967 1053 1026 mirram
1081 969 1105 1028 si
1130 969 1298 1044 incorrupte
1327 983 1378 1044 per

227 1077 271 1128 tot
286 1067 402 1126 saecula
416 1067 454 1127 ad
469 1085 525 1126 nos
539 1067 756 1142 peruenissent:
778 1083 849 1142 ergo
864 1083 901 1124 eo
915 1067 1010 1142 magis
1027 1075 1056 1124 te
1073 1066 1211 1124 inchoare
1225 1075 1256 1124 ut
1274 1083 1377 1125 uerum

227 1165 330 1226 credas
351 1165 433 1242 quod
453 1184 472 1224 a
492 1165 572 1224 nullo
591 1175 723 1224 ueterum
743 1163 880 1223 traditum
899 1165 935 1222 sit
949 1181 1039 1240 quam
1058 1173 1090 1222 ut
1104 1163 1252 1222 fortuitum
1267 1163 1376 1222 habeas

227 1263 310 1340 quod
331 1281 399 1323 cum
420 1272 500 1322 tanta
521 1272 581 1321 arte
602 1261 790 1320 coniunctum
811 1261 951 1320 uideahrr.
994 1259 1075 1320 Hinc
1093 1260 1159 1319 site
1177 1261 1215 1320 ad
1230 1259 1377 1320 Capillum

227 1361 416 1431 conuerteris,
430 1359 572 1418 nonnulla
589 1359 721 1418 inuenies
734 1376 811 1434 quae
830 1359 1015 1434 partitionem
1035 1358 1189 1417 admittunt
1202 1375 1265 1416 non
1280 1358 1376 1428 dubie,

226 1469 258 1519 ut
279 1459 375 1532 LXII,
390 1457 483 1529 XLV,
497 1456 594 1528 XLII,
609 1455 722 1528 XXIX,
737 1455 833 1528 XXV,
849 1455 948 1527 XVII,
963 1455 1016 1514 1v.
1059 1454 1149 1532 Atqui
1167 1455 1204 1514 de
1221 1456 1376 1532 partitione

227 1555 332 1616 Catulli
353 1573 391 1615 ne
412 1573 488 1614 unus
508 1555 628 1632 quidem
647 1565 778 1614 ueterum
797 1555 869 1614 dixit
887 1556 1055 1630 quicquam.
1095 1553 1183 1612 Vnde
1203 1571 1242 1612 ex
1263 1565 1293 1612 te
1314 1555 1378 1628 ipse

227 1653 365 1714 iudicium
390 1652 488 1725 iacies,
512 1671 567 1712 nec
592 1653 713 1732 dubium
737 1669 863 1711 eramen
887 1653 918 1710 in
943 1651 1032 1710 dubia
1052 1653 1159 1710 mutina
1180 1651 1376 1727 castigaueris.

228 1751 316 1814 Nunc
337 1753 448 1828 respice
469 1768 588 1810 carmen
608 1749 733 1826 longius,
754 1749 821 1808 dico
842 1749 966 1826 Nuptias
980 1749 1114 1808 Thetidis
1136 1759 1165 1808 et
1185 1748 1274 1808 Pelei.
1316 1748 1377 1806 Pri·

227 1869 310 1910 mum
329 1859 462 1910 occurret
481 1849 562 1926 quod
586 1857 614 1907 te
636 1857 734 1907 teneat
759 1846 887 1906 Cannen
907 1846 1072 1917 Parcarum,
1094 1847 1175 1924 quod
1197 1865 1214 1906 a
1236 1865 1326 1906 uersu
1347 1847 1377 1904 ln

228 1949 364 2026 strophas
385 1948 521 2025 digeritur
540 1955 709 2006 constanter
727 1946 780 2006 sed
799 1946 921 2006 diuersis
941 1945 1098 2006 Intemallls
1119 1946 1243 2022 repetito
1259 1945 1379 2006 carrae

227 2045 539 2122 dmmmsublegmrira,
553 2044 740 2121 aerrr‘lesuri.
782 2042 848 2103 Iam
869 2044 1086 2103 interuallonrm
1104 2061 1180 2120 quae
1201 2044 1237 2103 sit
1258 2044 1332 2101 ratio
1352 2042 1377 2101 si

227 2145 425 2206 coniecturam
448 2143 544 2204 lacere
569 2143 731 2214 conaberis,
755 2142 942 2202 examinandi
967 2152 1034 2202 sunt
1061 2143 1174 2201 numeri
1198 2141 1290 2218 ipsius
1314 2157 1377 2199 car·

227 2243 324 2314 minis,
339 2241 444 2302 deiude
464 2241 599 2300 similium
614 2240 676 2300 siue
690 2238 796 2299 Catulli
815 2239 877 2298 siue
895 2239 983 2298 alium
997 2257 1086 2316 quem
1105 2249 1154 2300 aut
1171 2241 1236 2315 ipse
1249 2239 1376 2298 imitatrrs

227 2350 281 2412 est,
292 2351 342 2401 aut
352 2341 403 2417 qui
416 2357 484 2399 eum
498 2339 588 2398 secuti
603 2347 678 2397 sunt
706 2337 810 2414 Itaque
823 2347 916 2400 ratam
930 2353 1119 2397 numerorum
1133 2337 1375 2396 consecutionem

228 2456 283 2498 nec
308 2457 326 2498 a
348 2436 510 2496 Theocrito
535 2437 638 2495 abesse
662 2435 797 2512 intelligis
822 2453 877 2494 nec
899 2436 1019 2494 abelus
1040 2435 1218 2511 aequalibus,
1234 2435 1259 2494 si
1279 2434 1376 2492 minus

228 2536 412 2614 exploratam
432 2552 548 2611 semper
568 2543 598 2594 et
618 2542 699 2593 extra
719 2532 940 2602 dubitationem,
962 2543 992 2591 at
1015 2543 1200 2592 constantem
1224 2542 1254 2591 et
1277 2549 1377 2608 quam,

226 2642 259 2695 ut
277 2633 404 2692 obscura
425 2631 582 2708 ahquando
599 2629 676 2690 iacta
690 2631 727 2690 sit
740 2631 883 2708 corruptis
899 2630 1051 2690 codicibus
1064 2630 1112 2690 uel
1125 2631 1207 2708 quod
1224 2648 1289 2689 noo
1308 2630 1377 2688 satis

228 2737 274 2787 est
301 2728 432 2804 quaesita
458 2728 620 2804 dilgenter,
644 2746 710 2788 esse
733 2739 832 2788 umen
857 2746 1028 2804 persuasum
1047 2729 1176 2788 habebis
1232 2727 1319 2786 Idem
1346 2727 1376 2786 in

227 2825 338 2902 Vergili
366 2825 470 2884 cadere
490 2824 640 2897 Bucolica,
668 2836 697 2884 et
724 2825 749 2884 si
772 2827 838 2902 quis
862 2826 935 2885 alius
960 2826 1001 2885 sic
1027 2826 1142 2901 scrIpsit
1162 2823 1377 2894 Romanorum,

227 2940 289 2983 non
313 2921 380 2982 ideo
405 2923 527 3000 negabis
550 2923 632 2999 quod
655 2925 706 3001 qui
730 2925 850 3000 primus,
873 2925 903 2982 ni
928 2923 1019 2996 iallor,
1043 2923 1074 2982 id
1098 2924 1204 2982 diserte
1227 2921 1378 2998 praecepit

227 3017 414 3090 Ribbeckius,
437 3019 547 3079 incerta
571 3020 713 3080 nonnulla
739 3022 876 3098 posuerit.
921 3020 1000 3080 Hinc
1022 3031 1180 3098 postquam
1202 3019 1378 3079 intellexeris

227 3118 357 3184 carmina
383 3137 436 3195 per
463 3119 617 3196 repetitum
644 3137 762 3179 uersum
791 3121 885 3180 diuisa
912 3121 943 3178 in
970 3121 1105 3197 strophas
1132 3120 1224 3179 modo
1247 3120 1376 3178 eundem

227 3235 382 3280 numerum
396 3235 535 3277 uersuum
549 3217 579 3276 in
594 3218 707 3277 duabus
721 3218 848 3294 strophis
859 3236 969 3296 ponere
982 3229 1015 3278 ut
1026 3218 1162 3295 strophae
1177 3218 1376 3294 antistrophus

227 3315 412 3394 respondeat,
424 3317 515 3376 modo
530 3316 559 3374 in
571 3316 709 3392 pluribus,
721 3317 801 3376 uelut
815 3317 839 3375 si
853 3317 982 3394 quinque
997 3317 1133 3393 strophae
1147 3317 1205 3376 sint
1218 3317 1376 3394 quinonrm

227 3435 366 3481 uersuum
374 3435 383 3489 3
403 3416 547 3475 interdum
562 3415 689 3492 strophis
703 3416 852 3493 inparibus
867 3435 942 3494 quae
957 3435 988 3476 se
1002 3417 1130 3476 inuicem
1143 3415 1292 3492 excipiant
1305 3432 1376 3475 mox

227 3515 299 3576 alias
323 3514 421 3574 Inlern'
445 3515 550 3590 pariter
575 3515 701 3590 inpares,
722 3524 755 3574 ut
776 3515 801 3574 si
822 3540 839 3572 a
856 3537 889 3568 =
906 3534 936 3588 4,
957 3519 1019 3589 β5,
1041 3517 1093 3589 γό
1118 3532 1188 3573 mox
1217 3513 1377 3572 inferantur

226 3613 249 3672 α’
266 3631 283 3685 4
307 3613 368 3687 85
392 3609 416 3686 γ’
433 3615 451 3671 6
466 3612 513 3672 uel
527 3613 642 3670 inuerse
660 3611 719 3687 7'6
744 3613 804 3686 85
829 3613 852 3669 α’
868 3632 885 3685 4
895 3631 904 3685 ;
925 3613 1007 3690 quod
1020 3613 1188 3689 proximum
1202 3622 1255 3683 est,
1271 3610 1376 3672 Parca-

226 3729 291 3770 nrm
305 3728 423 3770 cannen
437 3727 560 3786 quaeres
574 3727 650 3787 quos
663 3709 770 3770 habeat
783 3728 923 3771 numeros
936 3711 1089 3788 quomodo
1108 3711 1146 3770 ad
1164 3727 1220 3769 nos
1238 3710 1375 3769 traditum

226 3817 271 3866 est
292 3807 321 3866 in
342 3807 501 3867 codicibus.
542 3807 616 3866 Sunt
634 3817 731 3868 autem
755 3807 786 3867 hi
808 3811 867 3881 564
883 3822 982 3883 55545
998 3809 1037 3881 46
1053 3826 1122 3883 433.
1162 3806 1231 3866 Hos
1251 3824 1375 3883 propor.
1492 3769 1521 3831 -3

227 3906 308 3971 tione
328 3905 457 3984 quadam
471 3906 546 3965 inter
560 3924 592 3966 se
606 3907 683 3966 necti
698 3923 759 3964 non
773 3916 817 3966 est
831 3906 972 3966 diuInatio
980 3924 988 3978 ;
1010 3906 1124 3965 etiamsi
1145 3904 1182 3964 de
1202 3923 1239 3963 ea
1259 3904 1375 3964 dubites

227 4018 303 4077 quae
326 4003 370 4062 sit.
413 4000 493 4061 Nam
519 4003 543 4062 si
566 4003 687 4062 artificio
709 4003 873 4080 quaesitum
897 4013 941 4062 est
964 4021 1067 4062 uersus
1090 4002 1228 4074 diuidere,
1251 4003 1376 4062 carentis

227 4107 272 4157 est
292 4098 412 4156 artificio
434 4099 458 4156 si
480 4099 630 4160 diuisionis
651 4101 746 4177 legem
767 4118 829 4159 non
847 4101 1014 4176 inuestiges.
1057 4099 1123 4159 Nec
1138 4100 1162 4158 si
1176 4099 1206 4158 id
1227 4099 1275 4158 alii
1296 4100 1377 4158 aliter

227 4192 450 4269 descripserunt,
465 4195 532 4256 ideo
551 4197 659 4258 tollitur
678 4198 842 4275 descriptio,
858 4199 910 4257 sed
930 4199 1022 4257 habes
1043 4215 1164 4257 causam
1184 4215 1235 4256 cur
1256 4197 1294 4257 de
1315 4207 1374 4257 tam

227 4291 337 4349 incerta
358 4309 390 4348 es
404 4300 517 4351 ueteres
538 4304 599 4353 tam
619 4313 713 4372 pauca
732 4297 939 4374 praeceperint.
981 4295 1052 4354 Post
1066 4295 1124 4355 hoc
1144 4297 1167 4354 si
1186 4313 1290 4354 uersus
1303 4313 1375 4354 con·

228 4387 362 4448 sideraris
384 4391 566 4465 praepositos
580 4392 737 4454 Parcarum
760 4393 889 4464 carmini,
909 4393 1073 4470 uiderisque
1095 4394 1178 4471 quasi
1202 4402 1310 4470 sponte
1334 4395 1375 4454 sic
