3118 5054
563 376 924 438 PROLEGOMENA.

377 562 446 622 Non
459 563 640 641 egosogtireir
651 564 773 620 cainiti
790 560 883 638 Tibri
895 561 986 634 siuti,

420 661 533 739 Scrrpla
547 661 672 720 Dionaei
683 681 728 720 nec
741 662 898 738 mitigata
913 662 997 720 ducis.

381 761 514 820 Carmine
526 761 577 820 rub
591 768 690 832 nostro,
704 761 799 835 cuptiii
807 761 914 820 laeua
930 759 1041 820 candit

418 857 529 930 Lesbio,
543 860 618 918 dulce
631 859 685 918 libi
694 859 773 918 mella
787 861 1005 918 susurratoris.

257 975 317 1050 (uu.
332 988 412 1048 7-ιο
432 974 581 1052 Epistulae
602 975 641 1034 ad
654 972 818 1049 Collegium
832 974 1013 1043 Artistarum,
1031 990 1059 1048 p.
1073 991 1111 1047 39
1129 971 1174 1032 ed.
1190 972 1319 1049 Pignorii

301 1071 403 1152 1636).

216 1204 276 1263 Sed
301 1215 331 1264 et
355 1203 438 1276 haec,
459 1213 491 1264 ut
513 1204 635 1282 Hauptii
659 1205 756 1264 uerbis
780 1213 851 1275 utar,
873 1203 967 1280 potuit
990 1221 1026 1262 ex
1049 1201 1189 1262 Martialis
1213 1204 1315 1262 carmi·

173 1303 261 1362 nibus
275 1302 344 1360 VII.
358 1322 394 1375 14
409 1314 438 1361 et
451 1302 533 1362 XIV.
544 1317 580 1377 77
597 1314 704 1379 petere,
719 1321 774 1361 nec
788 1303 947 1380 quidquam
960 1302 991 1359 in
1005 1299 1129 1360 Musseti
1143 1303 1319 1361 carminibus

173 1413 219 1460 est
239 1401 321 1478 quod
343 1399 447 1460 Catulli
467 1403 641 1460 imitatorem
660 1397 803 1460 testetur¹.
845 1399 1001 1476 Vtcunque
1022 1417 1068 1458 res
1088 1396 1119 1458 s'e
1138 1398 1233 1471 habet,
1249 1400 1320 1459 nihil
1422 1399 1425 1408 ’

174 1501 251 1558 inest
270 1501 482 1578 epigrammate
502 1500 584 1576 quod
604 1501 641 1558 ab
660 1500 778 1559 ineunte
801 1499 919 1558 saeculo
936 1497 1010 1556 XIV
1029 1496 1156 1558 alienum
1178 1497 1318 1557 uideatur.

174 1597 270 1658 Multa
290 1600 435 1658 eiusmodi
459 1600 670 1677 epigrammata
690 1597 800 1676 profert
821 1596 1009 1674 Pagliarinus,
1029 1597 1148 1657 rudiora
1170 1597 1318 1674 pleraque,

174 1715 237 1756 nou
251 1698 349 1773 qualia
362 1699 528 1758 scribebant
541 1697 673 1774 politiore
687 1698 746 1755 iam
760 1695 837 1756 iacto
851 1696 975 1755 saeculo.
1009 1694 1100 1767 Quod
1113 1694 1203 1771 uulgo
1217 1695 1320 1754 dicitur

174 1813 194 1853 a
208 1793 340 1852 Guarino
351 1794 515 1853 Veronensi
529 1796 677 1870 scriptum,
691 1793 722 1852 id
736 1794 796 1852 iure
810 1793 946 1854 infitiatur
961 1791 1137 1863 Schwabius,
1151 1809 1319 1868 quanquam

176 1893 208 1950 in
222 1892 396 1968 quibusdam
418 1892 567 1952 codicibus
588 1893 655 1952 huic
676 1893 841 1968 assignatur
861 1900 890 1950 et
911 1891 1038 1950 editione
1059 1890 1198 1968 principe.
1240 1889 1319 1948 Nam

176 1990 326 2050 Guarinus
346 2006 521 2066 ann01370
541 2002 627 2051 natus
647 2002 700 2064 est,
721 1991 779 2051 hoc
801 2001 845 2050 est
865 1992 993 2068 quinque
1014 1997 1127 2047 tantum
1148 1990 1232 2048 annis
1253 1999 1320 2049 ante

176 2099 327 2148 exaratum
347 2091 481 2151 codicem
502 2089 794 2167 Sangermanensem,
808 2090 838 2148 in
858 2106 918 2166 quo
937 2089 1032 2166 primo
1053 2086 1165 2163 legitur.
1207 2087 1254 2146 De
1274 2089 1318 2146 in·

175 2190 382 2266 terpretatione
409 2189 471 2248 eius
498 2190 622 2248 multum
649 2189 813 2264 ambigitur.
868 2187 1039 2264 Lessingius
1064 2185 1161 2266 (VIIL
1189 2201 1248 2260 450
1273 2187 1318 2248 ed.

175 2285 371 2366 Lachmann.)
383 2290 523 2348 censebat
535 2287 640 2347 Catulli
654 2288 759 2346 librum
773 2297 822 2346 aut
835 2306 853 2345 a
867 2285 1047 2346 Bernardino
1059 2285 1201 2357 Plumat0,
1213 2285 1320 2362 insigni

174 2386 301 2458 medico,
316 2397 367 2445 aut
386 2389 424 2446 ab
446 2387 544 2463 aliquo
564 2405 601 2445 ex
621 2387 684 2446 eius
704 2385 862 2444 maioribus
883 2386 1034 2444 inuentum
1055 2403 1137 2458 esse;
1158 2383 1215 2444 hoc
1241 2385 1320 2444 enim

174 2483 339 2559 significare
352 2503 469 2544 uersum
486 2502 503 2559 3
518 2483 629 2544 Scilicet
644 2504 662 2542 a
676 2485 792 2542 colomis
805 2483 904 2542 irritati
915 2485 963 2541 cui
969 2482 1098 2541 Francia
1112 2502 1214 2555 nomm,
1229 2501 1320 2561 quum

175 2582 290 2642 Gallice
312 2583 417 2642 calami
437 2581 547 2658 plumae
567 2583 707 2642 dicantur
750 2582 810 2641 Sed
830 2580 916 2641 Bern.
931 2581 1055 2640 Plumati
1076 2583 1219 2649 recentior
1239 2591 1320 2640 aetas

175 2699 267 2757 quam
279 2691 313 2740 ut
327 2682 450 2757 scriptor
463 2681 603 2740 habeatur
616 2681 841 2757 epigrammatis,
852 2681 924 2740 uixit
938 2681 1016 2739 enim
1030 2681 1108 2740 circa
1122 2693 1318 2758 1450-1500;

175 2780 239 2838 siue
260 2790 359 2838 autem
380 2780 452 2856 ipse,
468 2780 530 2838 siue
549 2797 626 2838 unus
647 2779 751 2838 dicitur
771 2797 808 2838 ex
828 2780 890 2838 eius
910 2779 1078 2849 maioribus,
1093 2779 1234 2838 difficilius
1249 2778 1320 2840 dixit

174 2879 424 2954 epigrammatista
443 2879 493 2955 qui
516 2896 572 2955 pro
593 2878 698 2954 plumis
723 2889 783 2937 tam
807 2880 879 2936 mira
904 2876 1160 2937 circumlocutione
1182 2895 1253 2937 usus
1274 2877 1319 2936 sit.

175 2975 285 3036 Melior
298 2977 440 3036 sententia
453 2975 600 3036 Laurentii
615 2977 743 3054 Pignorii
757 2976 870 3054 (Symb.
885 2977 968 3053 epist.
983 2976 1007 3035 I.
1022 2975 1077 3036 xvi.
1098 2995 1127 3052 p.
1144 2972 1195 3055 57)
1211 2993 1320 3035 nomen

175 3076 337 3134 inuentoris
360 3075 507 3134 Francisci
531 3095 567 3134 ex
592 3076 687 3135 uerbis
714 3074 826 3134 Tribuii
846 3075 895 3133 cui
910 3073 1040 3132 Francia
1060 3093 1153 3132 nomen
1173 3074 1319 3145 elicienda,

175 3192 302 3250 eamque
323 3175 449 3250 amplexi
469 3185 537 3234 suut
556 3174 685 3233 Naekius
700 3173 825 3251 Silligius
839 3173 968 3251 Heysius
983 3173 1158 3234 Schwabius.
1200 3171 1319 3230 Acala-

175 3269 245 3330 nra't'
252 3283 309 3332 aut
323 3274 361 3332 ad
375 3273 503 3333 officium
516 3274 635 3334 refertur
649 3285 698 3333 aut
712 3265 897 3350 cognomen:
919 3273 943 3332 si
957 3273 996 3332 ad
1009 3271 1146 3345 officium,
1160 3271 1255 3332 scriba
1268 3271 1321 3331 fuit

210 3505 219 3535 ¹
238 3505 318 3553 Adieei
330 3515 407 3553 nmen
418 3522 477 3568 quae
488 3507 572 3555 Catulli
585 3508 681 3572 uestigia
693 3508 788 3556 fortasse
799 3507 892 3556 babent.

342 3621 365 3666 p.
376 3618 415 3667 40.
471 3607 554 3654 Nescio
565 3622 624 3670 quoe
627 3607 703 3668 suerit
713 3606 800 3654 rabidis
804 3605 933 3670 flagrabat
944 3605 1034 3662 iambis,

475 3688 564 3754 Qo'qu
574 3687 718 3736 ministrabat
728 3699 800 3736 metra
813 3689 943 3736 cothurnus
953 3698 1010 3736 nat.
1063 3687 1101 3736 Cf.
1113 3687 1166 3735 Cat.
1177 3686 1285 3734 XXXVI.
1297 3698 1320 3748 5.

342 3802 365 3847 p.
378 3799 416 3835 21.
702 3789 775 3850 Virgo
783 3787 885 3849 pollutos
896 3803 979 3835 monus

472 3869 586 3917 sturmin
597 3885 677 3918 more
687 3869 780 3918 sordido
790 3870 937 3930 tortufrreri
1041 3869 1078 3916 Cl.
1090 3869 1143 3916 Cat.
1154 3867 1236 3916 LXIV.
1251 3865 1304 3914 181.

171 4013 180 4028 ‚
231 3973 244 3984 ‘'
342 3981 364 4026 p.
378 3977 417 4028 7ο.
470 3967 546 4015 Nemo
556 3968 682 4029 comfortrsss
692 3968 754 4016 ualet
765 3984 810 4016 esse
820 3984 865 4031 quo
875 3984 920 4016 non
925 3967 1015 4029 fortier
1026 3968 1088 4017 aaut.

1037 4051 1074 4098 ct.
1086 4051 1140 4100 Cat.
1152 4049 1235 4098 LXVI.
1250 4047 1286 4098 28.

208 4133 221 4162 ¹
237 4134 308 4182 Venit
321 4135 344 4182 iu
355 4141 458 4181 mentem
469 4133 538 4182 Ouid¹
550 4133 612 4182 Fast.
625 4134 654 4182 11.
666 4130 780 4196 617-620

441 4234 556 4283 Proximo
568 4235 661 4299 cognoti
671 4235 749 4284 dixere
761 4237 860 4284 Caristia
871 4237 922 4284 cari

474 4317 506 4365 m
516 4319 577 4365 amit
588 4319 621 4366 ori
630 4317 703 4364 melos
713 4319 781 4365 rurba
789 4319 919 4381 popinquo
931 4317 1008 4380 dapis.

442 4401 530 4447 Scilicet
542 4416 555 4446 a
567 4399 668 4455 tumulis,
679 4401 750 4463 etqui
758 4401 844 4463 periere
852 4401 985 4464 propinquis

473 4482 587 4532 Prolenus
598 4485 632 4531 od
642 4483 706 4530 uiuos
718 4499 759 4530 oro
770 4485 855 4545 referre
866 4483 938 4532 iuuat.
