3074 5066
219 397 278 454 226
624 395 680 454 DE
705 393 965 457 PARTITIONE

217 577 389 636 tetrametris
413 577 608 654 antispasticis
634 576 806 658 (Hephaest
830 575 882 655 66)
904 578 1026 654 scripsit,
1046 595 1106 655 quo
1128 585 1223 636 metro
1245 575 1382 654 Sappho

100 713 106 726 ·
218 674 282 733 solo
297 692 350 734 usa
364 685 408 734 est
423 677 452 734 in
467 675 541 734 libro
555 677 648 734 tertio.
691 675 777 748 Quae
798 677 823 734 si
844 678 909 732 eorl
928 675 976 732 δύο
996 675 1082 734 huius
1102 675 1165 734 libri
1180 677 1310 734 carmina
1325 676 1382 735 dis

218 773 340 848 pertisse
360 773 485 832 creditur
506 775 544 832 ab
562 772 794 850 Hephaestione,
812 790 873 832 non
893 773 990 833 minus
1009 774 1078 833 artis
1095 774 1236 834 Alcaeum
1251 791 1382 852 quoque

220 870 387 929 adhibuisse
402 872 532 931 arbitror.

260 965 346 1026 Nunc
361 969 474 1044 respice
487 969 559 1028 haec
574 968 768 1029 Anacreontis
784 969 828 1050 (ir.
847 969 898 1048 44)

423 1119 512 1173 πολιοί
525 1119 573 1187 μίν
587 1118 646 1187 ιἠμίν
659 1117 707 1186 ἤδη
720 1119 847 1189 κρόταφοι
860 1118 923 1188 κάρη
937 1139 965 1172 τε
979 1119 1081 1181 λευκόν,

422 1215 555 1286 χαρίεσσα
568 1213 592 1268 δ’
607 1213 695 1270 οὐκέθ’
709 1215 759 1284 ἥβη
773 1216 843 1286 πάρα
855 1216 979 1287 ιχηράλεοι
992 1214 1016 1269 δ’
1031 1215 1142 1271 όδόντετ.

422 1315 550 1384 γλυκεροῦ
564 1310 587 1367 δ’
602 1313 687 1368 οὐκέτι
700 1315 801 1369 πολλὸς
813 1315 905 1377 βιότου
918 1315 1011 1384 χρόνος
1025 1315 1167 1368 λέλειπται.

422 1409 465 1464 διδ
477 1407 549 1464 ταῦτ’
563 1409 731 1478 όνοσταλόζιι
745 1411 813 1480 θαμὰ
826 1413 960 1483 Τάρταρον
972 1411 1101 1468 δεδοικόε.

422 1503 514 1562 ’Attea
528 1509 580 1578 γάρ
593 1507 651 1562 έστι
665 1506 748 1563 δεινδι·
761 1509 852 1576 μυχός,
867 1507 980 1579 άρχαλέη
995 1506 1022 1562 δ’
1036 1508 1063 1564 ίκ
1075 1508 1153 1562 αι’πδν

423 1604 540 1661 κάθοδοι·
562 1605 603 1659 καί
616 1605 667 1676 γάρ
681 1607 785 1674 ε’τοῖμον
798 1605 938 1669 καταβάντι
951 1604 986 1673 μὴ
999 1605 1130 1674 ἀναβῆναι.

220 1749 263 1808 Ηὶ
285 1767 388 1809 uersus
409 1750 489 1826 apud
508 1749 667 1826 Berginium
691 1753 754 1806 κατὰ
775 1749 822 1806 δύο
843 1750 977 1827 impressi
997 1749 1147 1826 legrmtur;
1176 1749 1248 1808 mihi
1269 1749 1374 1825 potius

219 1850 283 1904 κατὰ
304 1853 372 1922 τρεῖς
395 1849 530 1906 uidentur
551 1849 711 1918 decurrere,
734 1847 765 1907 id
789 1848 870 1924 quod
892 1847 1000 1906 indicat
1023 1848 1136 1907 ionicus
1159 1866 1178 1905 a
1200 1849 1315 1907 minore
1338 1849 1373 1906 in

220 1949 315 2024 primo
335 1948 410 2024 pede
429 1949 474 2007 his
493 1957 606 2006 tantum
625 1949 737 2023 integer
759 1945 817 2024 (uu.
836 1966 863 2022 3,
878 1945 920 2026 6),
942 1948 1085 2006 resolutus
1106 1949 1136 2006 in
1157 1949 1269 2007 ceteris.
1309 1946 1374 2006 Sed

219 2045 355 2123 strophas
369 2047 474 2116 inesse,
490 2061 518 2105 et
532 2046 650 2122 quidem
665 2047 828 2119 ἰσομέτροις,
843 2062 898 2121 pro
912 2056 993 2104 certo
1006 2044 1112 2104 habeo.

321 2194 353 2254 fr.
368 2209 401 2268 17
422 2195 572 2270 Ἠρίοτησα
586 2199 633 2266 μέν
647 2197 728 2268 ίτρίου
741 2199 840 2251 λεπτοῦ
853 2197 945 2269 μικρδν
957 2195 1081 2264 άποκλάι,

423 2293 493 2350 οἴνου
507 2294 534 2350 δ’
548 2295 650 2366 ἐξέπιον
664 2293 751 2363 κάδον,
765 2298 811 2348 νῦν
824 2292 847 2349 δ’
861 2294 947 2366 άβρέιι
961 2295 1090 2365 ίρόισσαν

421 2392 520 2464 ψάλλω
533 2392 643 2461 πηκτίδα
658 2395 689 2459 τῇ
703 2391 772 2461 φίλη
786 2391 908 2462 κωμάζειν
920 2391 994 2447 παῖδλ
1007 2391 1086 2463 άβρῇ.

219 2535 316 2594 Etiam
330 2535 403 2595 haec
424 2547 552 2612 systema
572 2534 668 2596 iacere
689 2555 726 2594 ex
746 2538 876 2612 ι’σορίερφ
890 2537 1017 2596 carmine
1032 2546 1201 2612 excerptum
1216 2537 1372 2596 uidentur:

218 2643 278 2691 tarn
299 2633 417 2708 plenam
436 2635 466 2692 in
481 2653 512 2692 se
527 2633 743 2710 perfectamque
764 2633 874 2692 habent
895 2635 1078 2693 sententiam.
1120 2632 1184 2694 Nec
1205 2652 1278 2693 uero
1299 2634 1372 2693 nihil

219 2731 257 2789 ad
272 2749 333 2788 rem
353 2730 466 2790 consert
485 2732 566 2807 quod
581 2732 649 2791 dicit
664 2731 846 2807 Hephaestio
861 2737 875 2803 ό
896 2751 951 2808 123
968 2733 1013 2792 W.
1057 2735 1136 2790 Κοινὰ
1149 2735 1179 2789 δέ
1192 2736 1252 2790 ἐστι
1266 2755 1372 2802 συστη-

218 2831 311 2899 ματικδ
324 2831 356 2884 τά
370 2829 417 2884 δύο
431 2829 529 2886 εἴδεσιν
543 2832 754 2901 ὑποπεπτωκότα,
769 2827 825 2887 οἷον
839 2831 1003 2902 συμβέβηκεν
1016 2833 1060 2886 έπί
1073 2835 1121 2886 τοῦ

423 2979 466 3048 έμέ
481 2979 571 3033 tester
584 2979 628 3048 έμί
642 2981 731 3035 πασᾶν
745 2979 891 3034 κακοτάτον
902 2981 1068 3052 πιδέχοισον.

213 3125 337 3194 'Ascapos
352 3126 401 3194 μέν
413 3125 463 3198 γάρ
477 3147 516 3182 rar
531 3127 567 3179 ὣν
580 3129 625 3196 εῆτ
638 3129 685 3181 τοῦ
697 3129 805 3198 ποιητοῦ
819 3127 970 3199 προθέσεις
983 3129 1014 3198 ἐξ
1027 3127 1122 3198 όμοίυν
1135 3126 1248 3198 φήσειεν
1261 3127 1292 3181 όν
1306 3121 1375 3182 εἶναι

218 3227 249 3280 τὸ
268 3219 349 3296 ᾆσμα·
371 3227 428 3282 ule*
445 3227 565 3299 έμπειροε
583 3227 646 3281 κατδ
665 3227 769 3298 σχίσιν,
787 3227 822 3285 έοε
842 3227 883 3282 καί
904 3227 932 3283 ίυ
948 3230 1004 3284 τοῖς
1024 3227 1173 3298 ἔμπροσθεν
1194 3227 1374 3298 ἐπεδείξαμεν.

219 3321 257 3380 ib.
272 3339 327 3396 123
349 3323 378 3395 έξ
398 3322 494 3393 όμοίον
515 3325 544 3379 δέ
563 3325 636 3378 έστεν
648 3325 714 3395 άπερ
730 3324 780 3380 ὑπό
796 3327 844 3379 τοῦ
864 3323 943 3379 αὐτοῦ
959 3325 1040 3382 ποδός
1054 3323 1069 3394 δ
1083 3327 1128 3394 τῆς
1147 3325 1226 3394 αὐτῆς
1247 3327 1375 3396 συζυγίας

218 3421 234 3491 η
254 3424 376 3494 περιόδου
398 3425 591 3493 καταμετρείτω
615 3421 675 3476 duee)
695 3421 805 3492 άριθμοῦ
828 3423 898 3480 stude
922 3423 1073 3495 ὡρισμένου.
1096 3421 1131 3480 dc
1152 3423 1197 3477 ε’άυ
1216 3421 1374 3494 τεταγμένοι

218 3521 326 3593 άριθμδτ
346 3515 373 3589 ᾖ,
397 3521 443 3574 οὐκ
464 3521 538 3575 ἔστιν
560 3520 589 3591 ἐξ
613 3521 716 3589 όμοίιιν,
734 3520 804 3574 Art
822 3521 886 3575 κατδ
904 3523 1009 3592 σχέσιν,
1026 3521 1061 3578 bs
1081 3521 1110 3576 έν
1128 3543 1165 3596 τηι
1182 3518 1242 3592 παρ’
1258 3517 1376 3595 Ἀλκαίῳ

218 3619 326 3692 ᾄσματι,
347 3618 379 3674 οὗ
399 3619 415 3688 ἡ
435 3619 501 3691 άρχη
523 3619 773 3690 έμί-πιδέχοισαν.
809 3619 934 3691 ’λπεεροε
955 3621 1003 3689 μίν
1022 3618 1072 3692 γάρ
1093 3641 1132 3678 res
1152 3620 1188 3673 ὧν
1208 3617 1319 3689 φήσειεν
1338 3619 1376 3671 δν

218 3719 281 3772 αι’πδ
308 3718 338 3789 έξ
361 3717 456 3786 όμοίιυν
477 3711 550 3785 εἶναι,
575 3717 604 3787 ἐξ
625 3717 724 3786 loviniis
744 3717 787 3773 ἄπ’
807 3717 955 3774 ι’λάσσουοο
980 3715 1105 3790 συζυγίας
1125 3714 1374 3788 καταμετροόμκνον.

219 3815 291 3884 ἡμκῖτ
306 3817 336 3870 δὲ
349 3815 436 3882 έπειδὴ
451 3816 513 3868 κατὰ
528 3815 588 3869 δέκα
603 3816 702 3886 δρῶμεν
717 3815 782 3868 αὐτὸ
796 3815 921 3886 συζυγίας
939 3813 1182 3884 κατομετροῦμενον,
1197 3813 1261 3868 κατά
1274 3815 1378 3884 σχέσιν

219 3915 282 3968 αὐτὸ
301 3911 449 3986 γεγράφθαι
470 3915 563 3982 φαμέν.
617 3909 654 3968 In
674 3911 780 3986 quihus
801 3910 858 3969 hoc
880 3911 996 3970 uidetur
1016 3911 1197 3986 significare;
1225 3909 1376 3986 plerisque

219 4027 327 4085 poema
354 4010 424 4068 illud
448 4009 547 4068 Alcaei
576 4027 643 4070 curn
672 4029 708 4068 ex
737 4011 861 4086 pedibus
889 4009 970 4068 fieret
997 4010 1102 4068 ionicis
1130 4027 1148 4067 a
1176 4009 1290 4066 minore
1319 4025 1377 4083 per

219 4106 409 4182 synapheiam
431 4109 606 4167 continuatis
620 4108 678 4168 hoc
694 4109 786 4167 modo
807 4118 838 4166 ut
859 4108 974 4167 duabus
995 4107 1132 4166 breuibus
1157 4105 1274 4182 syllabis
1296 4104 1378 4163 duae

219 4204 325 4278 longae
347 4221 463 4280 semper
484 4207 681 4264 subicerentur
704 4202 826 4283 (oon)
847 4205 928 4263 nullo
949 4222 1005 4263 nec
1023 4204 1103 4263 hiatu
1125 4221 1180 4262 nec
1195 4201 1379 4261 resolutione

220 4299 403 4375 syllabarum,
425 4309 553 4376 systema
575 4303 694 4378 quidem
718 4301 813 4360 iacere
839 4303 939 4373 uideri,
963 4302 1015 4361 sed
1038 4301 1119 4360 nullo
1140 4309 1222 4359 certo
1246 4316 1378 4358 numero

220 4395 349 4476 pedum:
385 4399 568 4473 peritioribus
593 4419 654 4457 non
676 4401 838 4459 continuari
868 4411 981 4458 tantum
1007 4399 1059 4458 sed
1087 4399 1117 4456 in
1145 4397 1280 4473 strophas
1312 4397 1376 4455 dis-

221 4495 306 4556 tribui
329 4495 471 4556 denorum
494 4497 611 4570 pedum.
656 4495 703 4554 Sic
727 4499 804 4555 enirn
827 4498 926 4556 locum
946 4498 1092 4572 explicant
1116 4493 1317 4554 Rossbachius
1342 4507 1374 4554 et
