3224 5066
616 405 837 470 CARMEN
869 405 984 474 LXVI.

309 594 369 660 Sed
392 613 508 681 magn,
529 616 550 659 ο
573 607 702 682 nuptae,
724 617 850 682 semper
872 597 1045 661 concordia
1066 607 1191 662 uostras

352 708 482 793 Semper
503 729 593 773 amor
616 710 708 774 sedes
730 711 851 774 incolat
873 710 1026 774 assiduus·

311 820 364 883 Tu
387 841 476 905 uero,
498 824 621 906 regina,
644 832 738 886 tuens
760 843 833 886 cum
856 823 962 886 sidera
983 823 1092 886 diuam

352 931 500 996 Placabis
522 934 614 998 festis
638 935 816 998 luminibus
838 934 1012 1020 Venerem,
1340 965 1374 1014 9⁰

309 1045 482 1129 Sanguinis
505 1055 668 1131 expertem
692 1067 757 1110 non
780 1048 908 1110 iusseris
929 1067 1001 1111 esse
1023 1057 1114 1110 tuom
1137 1065 1202 1132 me,

353 1157 413 1222 Sed
434 1160 545 1242 potius
566 1159 664 1242 largis
686 1159 778 1223 office
800 1159 1000 1224 muneribus.

309 1269 421 1334 Sidera
441 1281 626 1334 corruerent
649 1272 790 1356 utinam,
812 1289 905 1336 coma
926 1273 1016 1354 regia
1038 1271 1125 1356 fiam,

353 1381 519 1446 Proximus
540 1383 728 1468 Hydrochoi
748 1383 888 1467 fulgeret
910 1384 1053 1449 Oarion!

260 1657 305 1717 87.
339 1653 493 1720 neptuneb
576 1667 686 1723 semper
696 1653 766 1708 codd.
772 1665 879 1725 praeter
891 1656 927 1720 D,
940 1654 982 1707 uhi
993 1661 1031 1707 est
1043 1653 1127 1721 magis
1217 1658 1323 1706 nostras
1337 1652 1377 1704 Va

225 1736 328 1774 nocitus
342 1734 400 1777 cett.

261 1799 306 1847 88.
340 1794 451 1847 incollat
464 1797 493 1849 A
562 1796 674 1849 assiduis
686 1797 718 1850 0.

261 1870 305 1932 89.
340 1864 488 1931 diuuamB
558 1866 671 1920 diual).

260 1953 304 2002 90.
339 1937 524 1990 numinibush
594 1938 730 1990 liminibus
742 1939 849 1991 Statius.

261 2025 304 2073 91.
340 2011 479 2070 Songrunis
498 2005 567 2060 codd.
648 2005 779 2076 Vnguinis
797 2007 923 2062 Bentleius
939 2007 1047 2061 lachrn.
1062 2005 1144 2076 uulgo.
1181 2004 1230 2059 Sed
1244 2015 1273 2058 ut
1286 2007 1374 2072 Veram,

223 2079 262 2130 ita
279 2097 351 2131 coma
366 2097 430 2147 quae
444 2080 471 2132 in
488 2081 587 2132 Veneris
600 2083 699 2150 gremio
711 2079 830 2133 collocata
844 2091 889 2146 est,
906 2079 989 2132 oblato
1002 2081 1125 2148 sanguine
1140 2077 1296 2131 concilianda
1308 2087 1376 2130 erat.

224 2151 358 2218 Sanguinis
370 2151 437 2202 enim
449 2157 556 2217 partem
568 2170 639 2203 coma
646 2153 730 2221 potuit
741 2153 860 2220 accipere,
873 2153 988 2220 unguinis
1001 2169 1048 2203 non
1060 2152 1129 2215 item
1142 2149 1207 2218 quod
1217 2168 1265 2202 non
1279 2150 1375 2214 Veneri,

223 2221 269 2272 sed
280 2219 329 2272 sibi
343 2230 444 2273 tantum
457 2220 568 2273 oblatum
580 2231 644 2274 esset
702 2238 738 2274 ne
749 2234 799 2291 pro
812 2239 867 2274 non
880 2221 993 2290 Scaliger
1005 2221 1131 2274 Bentleius
1202 2225 1375 2288 expartema

225 2291 398 2360 Phillippensis
499 2294 598 2344 uestris
611 2291 765 2362 (nr-ispum·
784 2291 1131 2346 ABCDGHLLa¹OVhacd
1229 2304 1307 2344 nesse
1321 2288 1401 2366 La'l¹

224 2362 296 2414 uotis
308 2365 439 2415 Fontanus
539 2363 631 2416 uerbis
648 2365 686 2417 ed.
696 2367 743 2417 Pr.
756 2365 853 2417 Statius
954 2363 1066 2416 uerticis
1080 2363 1179 2416 Vossius
1279 2360 1375 2413 siueris

224 2432 338 2501 Scaliger
454 2431 515 2486 siris
533 2435 715 2488 Lachmannus
732 2435 830 2504 Haupt.
842 2435 915 2503 Hcys.
928 2434 1017 2488 Rossb.
1030 2433 1150 2487 Schwab.
1169 2433 1203 2500 cs.
1222 2434 1254 2485 L.
1267 2430 1376 2484 Mueller

223 2504 254 2555 de
271 2505 309 2556 Re
325 2505 366 2560 M.
385 2521 436 2570 399
578 2505 684 2558 dextris
701 2509 728 2560 T.
742 2507 830 2558 Badeo
848 2508 876 2559 in
894 2504 1017 2574 Supplem.
1034 2506 1102 2558 Nou.
1119 2507 1188 2558 Ann.
1205 2503 1285 2556 Paed.
1297 2505 1325 2556 T.
1337 2503 1376 2556 11.

218 2587 248 2644 p.
262 2579 324 2640 428.
427 2575 535 2628 iusseris
546 2575 598 2646 ipse
609 2577 700 2630 conieci
796 2583 875 2629 tuum
894 2591 938 2629 me
951 2573 1237 2630 BDGHLLa¹OVhad
1328 2583 1374 2624 tun

223 2647 305 2699 1an
421 2653 516 2698 luume
530 2649 558 2701 A
674 2655 751 2700 tuam
770 2662 815 2700 me
829 2649 957 2701 Auaatius
975 2647 1050 2716 uulgo
1066 2657 1092 2700 et
1110 2645 1219 2699 Luem
1237 2645 1272 2712 cs.
1289 2653 1375 2696 tamen

225 2717 393 2772 Vuuidulum
405 2735 430 2771 u.
440 2720 485 2770 62.

242 2806 304 2911 ula·
340 2791 416 2842 ellico
432 2786 743 2843 ABCDGHLLa¹OVac
825 2789 935 2842 efflueh
1021 2786 1099 2842 affice
1112 2785 1256 2856 dScaligtr
1267 2786 1377 2840 lachm.

225 2877 242 2912 u
286 2879 309 2914 a.

262 2879 305 2996 ξς.
343 2949 391 2980 rur
405 2933 502 2982 iterent
519 2928 589 2983 codd.
597 2932 742 3000 praeterV
819 2929 1038 2984 cumiterentl'
1113 2927 1224 2981 utDLc
1314 2932 1376 2979 uta

226 3001 297 3052 utih
374 3001 486 3054 utinaO
564 3008 627 3054 uter
639 3001 813 3072 Philippensis
888 3008 932 3054 utt
945 3003 971 3054 H
1048 2999 1249 3053 curretinenti
1270 2997 1375 3051 utinam

226 3071 343 3140 (iterum
364 3069 552 3140 Marklandus)
574 3073 704 3126 Guarinus
726 3073 844 3125 Muretus
866 3073 1018 3141 Daeringr'us
1038 3071 1211 3124 Marklandus
1312 3085 1377 3128 cum

226 3142 372 3210 intereant,
385 3149 415 3195 ut
426 3150 494 3196 tunc
507 3145 604 3196 Statius
700 3143 856 3196 corruerint
868 3143 972 3195 utinam
986 3141 1167 3194 Lachmnnus
1178 3142 1275 3210 Haupt.
1287 3140 1376 3194 Rossb.

225 3213 346 3268 Schwab.
418 3221 580 3267 corruerent
592 3215 690 3284 scripsi,
703 3214 767 3282 quod
776 3225 801 3266 et
813 3214 903 3267 codices
915 3214 1029 3266 indicant
1040 3224 1065 3266 et
1076 3213 1250 3282 imperfi’ctum
1259 3211 1377 3278 fulgeret

225 3303 249 3338 u.
263 3302 307 3350 94.
341 3288 524 3338 Potesttamen
536 3287 639 3338 seruari
651 3285 716 3354 quod
725 3295 762 3336 est
774 3287 802 3337 in
814 3285 934 3337 codicibus
949 3287 973 3338 si
988 3283 1066 3336 effice
1078 3298 1129 3336 cur
1140 3283 1241 3336 iterent
1253 3285 1376 3352 interpre-

225 3355 286 3407 teris
299 3353 360 3422 ‘sac
372 3366 400 3408 ut
412 3358 448 3410 sit
458 3371 537 3409 cauta
548 3368 598 3424 per
608 3374 685 3424 quam
702 3355 788 3408 sidera
804 3358 897 3408 iterum
909 3357 1046 3423 iterumque
1057 3355 1161 3422 dicant5
1178 3353 1287 3407 utinam'
1298 3365 1324 3408 ct
1340 3355 1377 3406 sie

216 3425 278 3493 sere
290 3427 434 3480 Palmarius
445 3429 473 3479 in
485 3427 599 3496 Spicileg.
611 3435 640 3495 p.
654 3432 716 3493 528,
729 3427 855 3479 Barthiut
866 3429 894 3479 in
907 3426 1016 3479 Aduers.
1027 3438 1058 3495 p.
1071 3429 1148 3490 1⁵3⁶·

262 3515 305 3563 94.
342 3497 553 3552 idrochoiACG
636 3499 660 3548 ld
676 3495 1011 3552 rorlrolBHLaltalot'h
1088 3495 1235 3549 idrocolD
1313 3493 1378 3563 Hy·

225 3567 339 3620 drochoi
351 3569 390 3621 ed.
399 3572 447 3622 Pr.
537 3569 562 3620 0
575 3565 653 3620 arlon
665 3567 712 3620 Db
801 3568 926 3621 cariond
1013 3565 1108 3620 aorion
1124 3568 1153 3619 H
1165 3577 1191 3619 et
1205 3568 1242 3618 sic
1256 3566 1377 3648 quadam

224 3635 995 3777 llcttt'rttltlrltttt.t'lt‘.“trl3¹1i¹ltl¹.l““'‘·
1008 3637 1163 3762 iffi...
1176 3637 1378 3774 ruffilli?

224 3787 302 3846 geret
321 3781 423 3834 Oarion
442 3781 545 3834 Grotius
563 3781 601 3833 ad
617 3782 732 3834 Aratum
745 3793 775 3850 p·
788 3797 821 3846 43
927 3780 1072 3834 Proximus
1091 3777 1239 3831 Heniocho
1256 3777 1377 3844 fulguret

225 3851 328 3904 Oarion
342 3851 519 3905 Froehlichius.
556 3852 606 3903 Sed
616 3851 674 3904 bene
687 3850 823 3904 Marcilius
836 3852 844 3880 ‘
855 3850 881 3904 Si
895 3867 975 3905 coma
987 3851 1061 3918 regia
1076 3849 1135 3903 fieri
1152 3863 1268 3918 possem,
1281 3854 1313 3901 ut
1328 3845 1378 3912 ful,

225 3923 290 3974 ‘me
309 3922 418 3975 uolente
436 3922 480 3975 uel
496 3923 583 3975 Orion
602 3928 675 3974 esset
691 3922 832 3989 proximus
849 3921 989 3990 Aquario!
1005 3922 1063 3976 lae.
1077 3920 1158 3974 locum
1174 3939 1247 3974 suum
1265 3929 1377 3972 mutaret

223 4002 248 4045 et
259 4013 291 4044 ex
301 3995 481 4063 diuersofierct
489 3995 633 4064 proximus,
645 4003 669 4045 et
681 3995 717 4046 sic
728 3995 783 4047 iam
795 4004 872 4047 antea
885 3995 991 4047 Statius.

258 4169 272 4201 *
291 4167 329 4228 Os.
341 4167 444 4216 Marulli
454 4167 609 4232 Epigramma
621 4168 645 4214 in
656 4167 784 4214 Emomum
796 4164 965 4230 (Politianum)
977 4165 1029 4216 Lib.
1039 4164 1092 4216 111.

486 4267 613 4314 Oarionern
624 4281 666 4326 pro
679 4266 778 4330 Erigone
789 4265 847 4313 citat
861 4265 976 4312 Ecnomus
987 4265 1066 4313 unde?

519 4348 574 4395 Non
588 4347 643 4395 facit
656 4348 685 4394 ad
697 4359 772 4394 morer
784 4349 851 4411 uirgo
863 4347 902 4394 red
915 4348 1010 4395 Oarion.
