3118 5054
263 395 292 456 xl
660 391 1021 456 PROLEGOMENA.

268 575 336 638 cod
351 575 474 636 Lxxx.
516 575 656 638 Continet
669 576 817 638 Catullum
834 593 935 636 unum.
977 573 1103 652 Paginas
1121 572 1209 632 habet
1224 592 1261 644 42
1276 587 1419 632 uersuum

269 679 317 747 28,
339 675 494 736 nonnullas
515 695 551 736 ex
572 676 641 736 loco
662 694 718 736 suo
742 687 847 736 motas.
889 675 1065 752 Plerumque
1085 673 1231 733 consentit
1251 691 1319 731 cum
1341 671 1420 730 San-

267 774 462 848 germanensi.
509 772 568 832 Sed
591 775 722 850 poenitet
743 791 791 832 me
814 774 896 850 quod
918 773 1004 832 nimis
1026 771 1133 830 cursim
1156 779 1279 829 tractato
1303 770 1418 839 codice,

268 870 386 928 nonnisi
401 881 538 946 excerpta
552 870 698 946 quaedam
712 889 748 930 ex
763 887 800 929 eo
815 869 995 946 reportarim.

315 975 371 1034 Vt'c.
406 977 443 1036 In
458 976 633 1036 bibliotheca
651 976 768 1052 publica
781 976 942 1035 vicentiae.
984 975 1230 1034 Membranaceus
1244 982 1288 1030 est
1301 971 1419 1048 paginis

268 1091 308 1150 50
331 1093 471 1134 uersuum
497 1094 543 1148 24.
586 1073 725 1132 Continet
748 1072 898 1132 Tibullum
921 1071 1105 1148 Propertium
1129 1069 1284 1130 Catullum
1328 1067 1419 1126 initio

264 1173 330 1233 libri
354 1173 493 1248 scriptum
518 1181 563 1230 est
584 1170 623 1229 In
646 1171 697 1228 hoc
717 1170 804 1229 codice
824 1173 996 1228 comitentur
1019 1167 1136 1227 Tabulas
1160 1167 1279 1228 Catulus
1300 1175 1418 1241 proper-

265 1271 325 1328 ct'us
339 1287 405 1344 quos
419 1287 464 1344 ego
475 1267 599 1326 Marcus
607 1268 747 1326 Antom'us
756 1265 928 1326 Mauroceno
938 1265 1097 1325 transcribi
1105 1265 1211 1323 auaui
1220 1265 1284 1322 (1222
1297 1263 1425 1322 Pauus·

266 1385 349 1426 essent
362 1363 584 1427 MCCCCLX.
627 1364 871 1442 Interpolationes
885 1365 985 1424 insunt
999 1381 1061 1423 non
1076 1381 1196 1440 paucae.
1232 1361 1321 1420 Hunc
1336 1361 1419 1422 codi-

269 1482 335 1524 cem
354 1462 429 1522 ialso
449 1463 520 1522 dixit
534 1462 665 1522 Blumius
685 1463 716 1521 in
734 1463 911 1523 bibliotheca
928 1463 1068 1522 libromm
1081 1460 1346 1535 manuscriptorum
1360 1459 1419 1517 Ita-

266 1561 323 1620 liae
343 1579 371 1637 p.
386 1579 444 1635 234
460 1561 599 1637 scriptum
613 1579 692 1619 anno
710 1563 797 1635 1360.
838 1562 908 1638 Ipse
923 1561 976 1620 sed
989 1559 1104 1636 parcius
1118 1557 1259 1638 excerpsi.
1301 1556 1420 1616 Praeter

267 1658 323 1718 hos
337 1658 368 1716 in
382 1657 489 1717 Museo
504 1658 673 1718 Britannico
694 1677 746 1717 sex
767 1669 835 1718 sunt
856 1658 974 1718 codices
993 1657 1074 1734 digni
1087 1657 1138 1733 qui
1155 1656 1353 1725 exhibeantur,
1367 1654 1421 1731 qui

269 1774 374 1816 omnes
389 1755 560 1816 minusculis
573 1755 662 1814 literis
677 1773 695 1814 a
708 1773 756 1813 me
770 1755 954 1814 denotantur.

309 1889 336 1929 a.
373 1867 450 1928 Add
464 1867 538 1928 Mss.
556 1881 674 1944 tt‚915‚
696 1867 942 1927 Membranaceus
963 1867 1057 1926 sonna
1078 1865 1261 1943 quatemaria
1280 1863 1419 1936 minima;

268 1964 338 2025 folia
347 1965 435 2026 babet
448 1969 500 2043 ⁶93
515 1967 646 2042 singulae
658 1967 783 2043 paginae
797 1979 830 2039 17
844 1977 912 2025 sunt
922 1983 1068 2025 uersuum.
1099 1965 1135 2022 ln
1149 1963 1207 2022 fine
1221 1963 1361 2039 scriptum
1374 1970 1422 2020 est

268 2060 418 2138 ‘Scriptus
431 2065 625 2140 completusque
635 2074 688 2139 per
700 2083 741 2122 nte
754 2087 888 2136 tepuvtpor
901 2065 929 2119 t«
943 2073 1082 2137 Xpmm
1096 2061 1236 2119 nolart'ttm
1248 2061 1420 2117 aradam

269 2163 277 2190 ‘
288 2166 453 2235 peccatorem
477 2168 504 2220 et
524 2163 668 2236 titdtgnunt
681 2161 831 2239 famulum
852 2161 881 2218 5
901 2162 959 2232 Χρῖ.
985 2159 1080 2232 1460.ι
1122 2157 1168 2216 Ex
1190 2157 1296 2217 eodem
1317 2155 1420 2215 codice

270 2254 375 2315 ductus
396 2267 440 2315 est
461 2274 495 2315 ac
517 2257 659 2327 Daunus,
674 2259 712 2318 ad
732 2276 821 2334 quem
842 2257 975 2334 proxime
995 2255 1118 2326 accedit,
1133 2255 1189 2314 nisi
1203 2254 1284 2331 quod
1303 2254 1420 2330 saepius

269 2351 461 2429 interpolatus
486 2363 538 2412 est.
588 2352 679 2413 Hunc
704 2356 840 2414 codicem
867 2354 986 2414 maximi
1011 2354 1126 2425 habeo;
1157 2353 1318 2412 certissima
1340 2352 1421 2411 enim

270 2466 341 2525 prae
358 2467 390 2507 se
404 2449 459 2508 fert
477 2451 562 2526 signa
582 2451 761 2523 sinceritatis,
776 2452 931 2528 praecipue
953 2452 1079 2511 sormam
1100 2450 1247 2510 literatum
1266 2451 1421 2520 maiorum,

271 2557 301 2606 et
320 2549 522 2624 cormptiones
543 2567 579 2607 ex
601 2551 721 2627 antiquo
740 2551 900 2626 exemplari
921 2551 1032 2620 ductas,
1048 2567 1202 2609 numerum
1216 2550 1342 2626 denique
1355 2565 1421 2606 uer-

272 2662 358 2704 suum
373 2646 422 2722 qui
436 2646 466 2704 in
481 2656 602 2724 utraque
616 2649 724 2724 pagina
738 2648 836 2724 scripti
850 2658 927 2720 sunt,
942 2666 1031 2725 quem
1050 2649 1088 2708 ad
1104 2647 1252 2724 archetypi
1266 2663 1421 2706 numemm

273 2743 406 2818 proxime
426 2742 565 2802 accedere
585 2745 738 2804 existumo.
782 2746 952 2805 Tamisinus
971 2746 1018 2805 ille
1037 2747 1168 2822 quisquis
1187 2744 1247 2814 suit,
1262 2763 1299 2804 ex
1318 2743 1421 2803 codice

273 2839 396 2898 fortasse
412 2840 563 2916 descripsit
578 2843 627 2918 qui
642 2842 672 2899 in
687 2841 824 2901 Heluetia
836 2842 884 2902 uel
904 2843 935 2901 in
951 2845 1072 2919 regione
1085 2845 1162 2903 circa
1176 2842 1315 2902 Carnicae
1329 2841 1422 2917 Alpes

273 2947 403 3013 repertus
424 2948 468 2997 est
489 2955 507 2996 a
528 2957 588 3015 quo
609 2938 776 2998 Taruisium
791 2939 935 3020 (Trana)
953 2959 1015 3021 npn
1035 2941 1125 3017 longe
1145 2942 1235 3000 abest.
1286 2939 1365 2998 Nam
1388 2947 1422 2997 ut

273 3035 334 3094 dixi
355 3035 488 3095 Datanm
512 3047 542 3095 et
563 3055 582 3094 a
604 3055 666 3096 non
689 3039 792 3097 iniuria
818 3039 857 3100 ad
884 3039 970 3097 aliam
998 3039 1141 3115 originem
1164 3039 1299 3097 uidentur
1323 3035 1423 3095 referri

274 3151 362 3210 posse
382 3151 416 3192 ac
432 3133 640 3194 Gemtanensis
661 3144 690 3193 et
711 3137 798 3195 ceteri
819 3137 946 3196 codices.
989 3135 1056 3196 Hos
1077 3147 1176 3196 autem
1196 3155 1215 3194 a
1235 3135 1350 3196 Gallico
1370 3153 1423 3193 ex-

274 3228 396 3306 emplari
409 3229 503 3290 iactos
516 3231 705 3291 coniecimus.
745 3232 787 3290 Vt
800 3244 832 3292 ut
849 3251 881 3292 se
901 3251 948 3293 res
968 3233 1056 3292 habet
1077 3235 1116 3292 ab
1137 3233 1243 3292 eodem
1264 3231 1423 3309 archetypo

275 3343 380 3387 omnes
394 3327 604 3402 profluxemnt.

316 3431 340 3490 b.
375 3432 452 3492 Add.
465 3433 538 3494 Mss.
555 3449 671 3510 ra‚oo5,
683 3443 841 3507 cartaceus,
852 3435 946 3496 sorma
960 3436 1090 3512 oblonga
1103 3436 1299 3512 productiore.
1332 3435 1423 3494 Foliis

279 3547 374 3588 1-111
403 3531 544 3590 Martialis
568 3531 788 3608 Epigrammata
812 3535 919 3610 scripta
943 3543 1019 3606 sunt,
1045 3531 1199 3610 urb-129
1223 3531 1328 3592 Catulli
1352 3531 1424 3608 Epi-

275 3638 440 3702 grammata
452 3637 482 3688 et
495 3639 632 3706 poemata
645 3631 734 3688 uaria.
775 3629 890 3690 Desunt
905 3631 1015 3708 primae
1033 3631 1118 3708 primi
1132 3631 1273 3706 cuiusque
1287 3629 1423 3689 uocabuli

275 3726 382 3786 literae.
424 3728 574 3804 Abruptus
589 3729 677 3788 estin
691 3746 778 3788 uersu
792 3749 852 3802 400
866 3730 1002 3789 carminis
1017 3729 1118 3789 LXIV
1131 3730 1233 3806 lugere.

317 3851 339 3890 c.
374 3831 453 3891 Add.
468 3831 541 3894 Mss.
561 3835 675 3908 11,674.
712 3832 964 3905 Membranaceus,
979 3833 1129 3894 Tibullum
1146 3845 1176 3896 et
1190 3834 1338 3895 Catullum
1352 3853 1424 3896 con-

276 3928 357 3987 tinet.

317 4033 343 4090 d.
381 4031 561 4094 Bumeianus
580 4053 645 4111 133.
676 4035 928 4109 Membranaceus,
943 4037 1067 4112 scriptus
1081 4039 1197 4115 paginis
1215 4057 1271 4112 114
1286 4057 1424 4100 uersuum

280 4149 326 4190 ao.
370 4129 496 4190 Multum
511 4131 700 4209 interpolatus
713 4145 766 4193 est.

319 4237 347 4294 Ιι.
383 4236 558 4296 Harleianus
574 4253 661 4313 2574·
693 4239 852 4298 Cartaceus
866 4239 960 4300 forma
974 4241 1124 4301 octonaria
1138 4243 1287 4302 crassiore.
1324 4243 1425 4302 Habet

278 4332 443 4408 iolia139;
467 4333 598 4410 singulae
622 4337 747 4412 paginae
774 4337 944 4414 plerumque
970 4356 1010 4413 30
1034 4356 1136 4398 uersus
1164 4339 1423 4416 comprehendunt.

281 4430 409 4509 Scriptus
430 4441 474 4490 est
495 4431 673 4504 nitidissime,
688 4452 778 4493 manu
792 4433 893 4493 Italica
911 4435 991 4494 tenui
1010 4453 1044 4494 ac
1064 4436 1242 4495 rotundiore.
1284 4437 1328 4496 Ff.
1346 4457 1422 4513 1-34
