3118 5054
498 1257 962 1354 Praesumo.
1083 1397 1085 1402 Ι

156 1669 375 1764 OCTAVVS
406 1700 455 1759 hic
484 1718 580 1760 annus
608 1701 703 1776 agitur
730 1719 768 1760 ex
794 1717 856 1777 quo
883 1697 988 1758 Catulli
1015 1697 1123 1758 edendi
1150 1697 1304 1758 consilium

153 1817 281 1894 suscepi.
324 1817 384 1877 Sed
404 1817 531 1894 primum
551 1817 795 1877 commentarium
816 1817 942 1878 scn'bere
963 1816 993 1876 in
1015 1815 1114 1874 animo
1136 1813 1207 1888 tuin
1231 1833 1303 1874 mox

154 1949 226 1991 cnm
245 1932 411 2010 conparatis
431 1949 500 1993 cum
520 1931 703 1992 lachmanni
724 1932 851 1992 editione
871 1931 1022 1992 codicibus
1043 1948 1119 2007 quos
1140 1930 1173 1988 in
1191 1929 1302 1990 Biblio-

154 2045 242 2106 theca
264 2045 427 2108 Bodleiana
453 2058 483 2110 et
508 2047 539 2108 in
563 2047 671 2108 Museo
694 2047 863 2106 Britannico
890 2047 1014 2124 repperi,
1041 2045 1239 2121 intellegerem
1266 2063 1304 2104 ea

153 2181 232 2240 quae
250 2161 460 2224 Lachmannus
481 2182 536 2226 suo
555 2182 639 2224 more
659 2165 775 2224 breuius
794 2165 1000 2241 praecepisset,
1019 2163 1120 2224 codues
1139 2179 1228 2220 omnes
1247 2180 1302 2220 non

152 2279 329 2354 aisterpolalos
348 2299 409 2338 mm
429 2281 566 2338 aderutro
584 2299 677 2338 eorum
697 2299 763 2356 quos
785 2281 841 2356 ipse
861 2279 1005 2338 exhiberet
1025 2279 1123 2355 ubique
1144 2281 1301 2351 communie,

153 2411 220 2456 non
239 2394 314 2454 adeo
335 2412 407 2454 uera
425 2412 492 2454 esse
510 2403 543 2453 ut
562 2393 633 2454 nihil
653 2395 724 2454 noui
745 2405 846 2471 posset
865 2393 988 2466 adferri;
1014 2403 1164 2471 praeterea
1186 2413 1205 2454 a
1229 2412 1301 2454 uero

153 2509 313 2570 abhorrere
333 2511 507 2588 paginarum
529 2511 762 2570 numerationem
783 2510 942 2588 archetypi,
963 2511 1048 2587 quale
1072 2511 1111 2570 ab
1132 2529 1170 2570 eo
1192 2511 1301 2572 consti-

152 2637 250 2688 tutum
276 2636 362 2699 esset,
386 2627 467 2704 quod
490 2626 570 2687 idem
597 2637 665 2688 ante
691 2647 740 2688 me
765 2629 924 2688 sensissent
948 2626 1077 2705 Heysius
1100 2627 1300 2688 Rossbachius

68 2725 70 2732 '
153 2741 314 2803 coeranus
337 2742 403 2816 uin
432 2742 543 2804 conans
568 2743 655 2802 enam
682 2743 808 2802 externis
836 2743 987 2802 concisus
1009 2741 1114 2802 cinon
1134 2743 1240 2802 uorum
1262 2742 1300 2802 ne

152 2876 237 2919 nouo
258 2876 470 2936 recognoscere
491 2859 586 2918 statui
628 2857 762 2918 Accessit
782 2877 845 2917 non
866 2858 963 2917 minor
983 2856 1116 2916 stimulus
1136 2857 1218 2934 quod
1239 2856 1300 2917 dno

151 2973 218 3044 uiri,
242 2974 292 3051 qui
315 2973 347 3033 in
369 2975 535 3051 corrigendi
558 2983 621 3034 arte
648 2992 796 3034 summum
824 2975 898 3032 inter
922 2981 1039 3032 nostros
1062 2971 1161 3032 locum
1189 2981 1299 3043 tenent,

152 3087 283 3148 loannes
304 3088 477 3167 Conington
498 3099 528 3149 et
550 3089 643 3166 Hugo
660 3089 698 3148 A.
713 3088 737 3148 1.
759 3087 878 3158 Munro,
901 3105 970 3146 suas
994 3087 1052 3144 iam
1077 3105 1194 3147 mecum
1217 3103 1300 3146 com-

152 3202 336 3282 municarant
355 3204 387 3262 in
408 3202 554 3266 Cantllum
575 3203 804 3264 emendationes.
846 3203 949 3279 Itaque
969 3202 1144 3260 ann01862
1165 3201 1299 3261 codicem

154 3313 439 3393 Sangermanensem
462 3317 587 3390 Parisiis,
610 3319 782 3395 insequente
804 3317 935 3376 Venetiis
959 3315 1122 3376 Mediolani
1146 3316 1299 3377 vicentiae

151 3431 308 3494 Bononiae
334 3434 498 3496 Florentiae
526 3437 617 3496 Italos
644 3456 696 3497 sex
723 3436 852 3509 contuli;
881 3435 987 3513 quibus
1011 3435 1147 3495 subsidiis
1174 3435 1298 3510 adiutis,

151 3567 225 3608 mox
244 3560 274 3608 et
286 3549 431 3611 Vaticano
450 3563 479 3612 et
494 3551 677 3625 Colbertino,
691 3571 817 3630 quorum
836 3551 959 3611 altemm
977 3549 1140 3611 Fridericus
1154 3551 1298 3630 Vmplen·

150 3663 283 3738 bachius,
296 3665 374 3726 hunc
394 3665 534 3728 Claudius
552 3666 689 3728 Cobham
707 3668 925 3745 diligentissime
945 3685 1000 3745 pro
1019 3685 1069 3726 me
1091 3678 1297 3741 excusserant3

152 3793 258 3859 postea
284 3793 381 3843 autem
408 3783 467 3843 alio
490 3803 579 3861 quem
607 3785 637 3844 in
662 3785 754 3846 domo
778 3803 831 3846 sna
854 3784 990 3844 Thomas
1013 3783 1153 3862 Phillipps
1180 3785 1298 3862 inspici·

152 3898 264 3957 endum
285 3899 356 3958 mihi
377 3901 528 3977 praebuit;
550 3911 612 3960 tum
633 3901 786 3961 Thuanaei
807 3901 966 3979 specimine
987 3899 1068 3977 quod
1087 3900 1297 3962 humanissime

153 4031 210 4090 pro
223 4031 271 4072 me
286 4014 438 4092 descripsit
451 4015 614 4077 Gulielmus
625 4016 663 4077 G.
675 4015 840 4090 Markheim
847 4036 855 4090 ;
875 4016 981 4076 deinde
991 4015 1122 4076 Gualteri
1137 4017 1166 4076 S.
1178 4017 1298 4078 Landor

153 4129 418 4203 emendationibus,
440 4149 563 4207 quarum
584 4142 697 4208 partem
718 4133 781 4209 ipse
803 4131 940 4204 ediderat,
958 4141 1071 4209 partem
1094 4131 1200 4192 adme
1220 4134 1298 4194 misit

155 4244 269 4303 anricus
298 4246 362 4304 eius
393 4244 540 4306 Robertus
567 4245 734 4324 Bromring,
763 4256 853 4324 poeta
885 4246 1111 4316 illustrissimus;
1147 4255 1297 4321 postremo

151 4359 261 4418 Eduini
279 4333 395 4422 Palmer
413 4360 603 4434 Balliolensis,
624 4373 653 4422 et
674 4363 776 4422 Incobi
796 4361 908 4422 Mowat
929 4360 1176 4438 Cantabrigiensis
1196 4361 1297 4420 obser-

152 4476 320 4536 uationibus
340 4486 370 4537 et
391 4478 583 4551 coniecturis;
608 4479 678 4538 satis
699 4497 716 4538 a
736 4497 785 4538 me
805 4476 913 4538 factum
934 4477 1035 4554 putaui
1055 4484 1088 4535 ut
1108 4475 1213 4534 librum
1234 4475 1297 4535 sine
