3074 5066
238 397 297 452 244
637 393 694 452 DE
722 392 986 454 PARTITIONE

237 575 282 634 ux
296 575 342 634 sn
356 574 472 634 ombus
485 575 560 636 roes
578 575 650 636 nor
664 571 834 652 (amn)
848 577 970 635 nomina
989 575 1078 634 uaso
1097 574 1268 646 Nemeum,
1283 582 1396 648 aaa
1526 538 1533 573 ''

236 673 393 742 sorim
415 672 534 744 ἀμύμονα
554 673 609 746 ἔργ’
632 675 743 738 chniu,
766 673 838 731 alter
860 672 1031 752 (346-376)
1055 673 1179 733 filiarum
1204 673 1338 750 Tethyos
1362 685 1395 733 et

237 767 368 841 Οοααίς
389 770 543 846 potuitque
564 768 717 828 Hesiodus
737 770 867 846 quinque
887 780 917 829 et
937 771 1041 847 uiginti
1061 789 1164 830 uersus
1186 771 1233 830 bis
1257 771 1395 847 posuisse

237 883 275 924 eo
287 866 411 926 conabo
424 876 458 925 ut
471 868 514 925 sic
528 867 669 926 confieret
682 867 788 944 plenus
807 868 854 926 ille
872 885 1012 927 numerus
1029 869 1241 946 quinquaginta
1259 869 1394 928 dearmn.

237 963 314 1022 lliud
331 975 409 1022 certe
426 963 653 1024 memorandum
673 964 796 1037 uidetur,
810 965 891 1042 quod
910 965 1053 1024 nonnulla
1071 985 1109 1026 ex
1126 967 1295 1025 nominibus
1308 984 1395 1025 oom-

237 1059 338 1118 mnnia
365 1072 434 1120 sunt
461 1063 611 1138 utriusque
638 1061 704 1133 loci,
731 1062 820 1121 ueluti
847 1061 991 1134 Pasithea,
1016 1063 1115 1135 Doris,
1139 1062 1267 1134 Eudora
1291 1062 1392 1123 Thoe.
1454 1084 1461 1096 ·

238 1155 304 1215 Ion
318 1172 460 1232 411-452
481 1179 514 1210 =
532 1173 716 1232 555544545

317 1321 460 1379 por-929
479 1326 512 1356 =
531 1323 609 1380 333²
627 1323 685 1379 333
702 1323 779 1381 333;
808 1315 998 1366 numeramus
1017 1307 1098 1377 enin
1118 1315 1176 1365 tres
1197 1305 1309 1377 Horae,
1330 1317 1393 1366 tres

239 1399 358 1472 Parcae,
385 1411 444 1460 tres
472 1399 600 1473 Gratiae,
628 1402 686 1460 iilia
712 1401 826 1463 Cereris
854 1414 884 1463 et
907 1403 998 1475 Iouis,
1024 1402 1131 1463 Musae
1155 1402 1236 1462 Iouis
1261 1403 1337 1462 filiae
1359 1413 1394 1462 et

239 1497 460 1576 Mnemosyncs,
486 1499 595 1576 Apollo
623 1509 652 1559 et
678 1498 776 1560 Diana
805 1501 865 1560 nati
892 1500 967 1560 Ioue
994 1511 1023 1562 et
1050 1501 1173 1570 Latona,
1199 1499 1287 1559 Hebe
1315 1499 1394 1559 Ares

240 1597 394 1676 Eileithyia
406 1597 482 1660 Ioue
499 1609 530 1659 et
543 1598 635 1672 Hera,
650 1598 768 1660 Athena
781 1600 863 1660 Iouis
883 1612 948 1661 orta
968 1601 1007 1660 de
1027 1602 1132 1678 capite,
1144 1601 1296 1662 Vulcanus
1315 1601 1394 1662 filius

242 1695 349 1758 Herae

281 1793 320 1854 In
338 1793 475 1854 Herculis
493 1793 585 1854 Scuto
602 1803 635 1853 ut
653 1795 748 1854 oratio
767 1793 904 1854 Herculis
922 1795 961 1853 ad
977 1792 1093 1854 lolaum
1108 1795 1225 1868 78-ror
1247 1817 1281 1847 =
1299 1798 1392 1871 8x3,

241 1893 282 1952 ita
296 1893 388 1970 ipsius
406 1891 480 1951 scoti
496 1890 653 1968 descriptio
667 1895 812 1965 συμμετρίᾳ
826 1891 954 1970 quadam
970 1892 1059 1951 utitur
1071 1893 1206 1968 partium,
1220 1909 1393 1969 quanquam

241 1989 340 2048 minos
353 1997 489 2048 accurata
501 1987 722 2065 terminataque.

283 2083 474 2145 Theocritum
498 2084 624 2161 Eidyllia
647 2103 702 2146 soa
724 2087 756 2144 in
775 2095 873 2162 partes
894 2085 1076 2146 distribuisse
1097 2096 1203 2163 sponte
1222 2085 1393 2162 intelligitur

241 2201 297 2242 nec
311 2183 467 2260 quisquam
480 2193 525 2242 est
539 2183 590 2258 qui
604 2183 634 2241 in
648 2185 794 2254 ἄμαβαίοιε
811 2183 841 2242 id
857 2192 947 2260 neget
960 2183 1080 2254 sactum,
1094 2201 1264 2260 quanquam
1278 2184 1317 2242 dc
1332 2185 1393 2242 sin·

241 2281 318 2356 gulis
331 2279 509 2340 carminibus
523 2279 571 2339 alii
584 2279 641 2339 alia
654 2280 790 2339 sentiunt.
833 2279 893 2340 Sed
907 2297 969 2340 oon
983 2279 1121 2357 strophae
1139 2290 1253 2339 tantum
1267 2298 1393 2357 respon·

241 2378 313 2438 dent
326 2377 522 2455 antistropha,
536 2377 626 2455 idque
638 2378 810 2455 plenumque
823 2385 885 2436 tam
898 2387 1000 2437 exacte
1013 2387 1046 2436 ut
1063 2378 1095 2435 in
1108 2377 1238 2453 utrisque
1254 2378 1338 2437 idem
1355 2377 1392 2436 sit

241 2493 381 2536 numerus
401 2472 562 2547 uersmrm¹,
584 2475 638 2534 sed
658 2485 687 2535 et
708 2476 937 2534 amoebaeorum
958 2475 1123 2534 carminum
1145 2492 1198 2534 cae
1220 2485 1320 2550 partes
1342 2475 1393 2534 uhi

240 2589 304 2631 non
324 2573 438 2633 canitur
459 2573 586 2646 alternis,
602 2583 631 2632 et
648 2573 778 2632 carmina
792 2590 867 2649 quae
886 2573 969 2630 omni
987 2571 1177 2632 alternatione
1198 2581 1302 2632 carent
1321 2590 1392 2632 oan-

240 2671 374 2742 tandum,
389 2683 450 2730 rata
470 2671 600 2750 quadam
620 2689 809 2732 numerorum
830 2671 1034 2750 aequabilitate
1053 2681 1201 2748 reguntur.
1243 2671 1392 2748 Exemplo

240 2767 279 2825 sit
297 2767 362 2828 Eid
378 2767 410 2827 11
429 2770 641 2844 Φαρμαιώφωι,
662 2769 744 2846 quod
766 2768 799 2827 in
822 2770 933 2828 amisso
953 2768 1085 2847 quodam
1106 2770 1236 2828 carmine
1258 2768 1393 2830 Catullus

240 2863 367 2923 imitatus
398 2861 548 2924 creditur¹.
604 2866 793 2927 Prooemium
826 2866 915 2926 habet
947 2866 1077 2926 sedecim
1104 2883 1243 2925 uersuum
1270 2865 1322 2942 qui
1349 2865 1392 2926 sic

241 2963 410 3024 diuiduntur
438 2963 572 3045 7(3⁴)a
593 2965 711 3046 7(43);
742 2975 880 3024 secamur
910 2965 1014 3025 decern
1044 2964 1182 3042 strophae
1214 2983 1251 3024 ex
1283 2965 1392 3042 quibos

240 3060 353 3136 priores
376 3071 445 3122 octo
468 3075 487 3136 5
510 3080 622 3134 ueram,
645 3072 811 3140 postremae
835 3061 911 3122 duae
930 3063 948 3119 6
968 3060 1085 3134 babent,
1108 3077 1213 3120 omnes
1238 3071 1339 3121 autem
1361 3062 1392 3120 in

241 3158 324 3218 initio
342 3170 478 3237 repetunt
485 3157 570 3234 Ἷνγξ,
584 3161 646 3217 ἕλκε
659 3163 690 3217 ni
703 3164 782 3230 τῆνον
794 3161 857 3231 ἐμὸν
870 3162 931 3216 ποτὶ
944 3161 1016 3232 bopo
1028 3163 1075 3216 τὸν
1088 3160 1186 3232 drdpot
1208 3167 1272 3217 tum
1294 3169 1393 3236 paries

241 3256 397 3317 duodecim
411 3275 486 3335 quae
505 3275 610 3318 omnes
626 3257 739 3318 initium
753 3256 863 3316 ducunt
877 3275 896 3315 a
908 3273 996 3316 uersu
1010 3259 1108 3330 apisci
1120 3277 1168 3327 μευ
1181 3257 1228 3312 niv
1241 3257 1319 3330 epod
1332 3257 1394 3313 ὅθεν

241 3353 320 3421 ἵκετο,
338 3355 422 3412 rim
439 3357 554 3421 actim
576 3373 613 3414 ex
632 3353 677 3414 his
695 3354 833 3417 undecim
853 3357 871 3413 6
889 3371 991 3413 uersus
1010 3354 1128 3425 habent,
1143 3352 1320 3413 duodecima
1342 3371 1391 3429 3²·

242 3452 347 3531 Itaque
359 3463 454 3515 totum
467 3471 587 3513 carmen
601 3452 659 3514 boc
673 3453 765 3513 modo
779 3452 958 3512 distribuitur

566 3613 597 3652 ιο
608 3601 715 3663 strophae
882 3613 909 3653 ιι
923 3601 1031 3664 strophae

471 3687 506 3746 ι6
529 3730 535 3745 .
560 3698 720 3760 55555555
736 3685 775 3742 66
798 3727 806 3742 .
828 3685 1051 3744 66666666666
1096 3702 1133 3758 3²

243 3803 304 3915 out
331 3852 429 3902 autern
456 3858 596 3902 numerus
623 3841 653 3899 in
680 3839 825 3918 principio
853 3841 966 3916 positus
997 3849 1051 3912 est,
1080 3839 1243 3917 duplicatur
1273 3839 1305 3900 in
1332 3838 1395 3898 fine

247 3942 324 3999 1-16
343 3963 375 3993 =
396 3943 543 4016 135-166.
595 3937 709 3998 Eadem
742 3938 815 3997 ratio
847 3949 893 3998 est
921 3936 1026 3998 Eidl
1054 3939 1136 3998 cuius
1169 3935 1394 4014 quatuordecim

242 4038 375 4100 uersibus
402 4037 453 4115 qui
480 4038 511 4096 in
538 4036 681 4114 principio
709 4045 786 4098 stant
809 4031 915 4114 (1-14)
938 4045 1052 4114 septem
1080 4035 1111 4094 in
1138 4034 1197 4094 line
1221 4031 1396 4114 (146-152)

276 4257 283 4286 ¹
303 4261 329 4307 ln
340 4261 380 4308 lv.
394 4269 473 4325 29-37
485 4263 597 4324 Corydon
607 4277 690 4310 nouem
704 4276 788 4320 umus,
801 4271 883 4324 44-53
896 4262 977 4310 battus
988 4261 1069 4309 decem
1081 4262 1150 4310 canit.
1182 4259 1271 4310 Eodem
1283 4261 1357 4310 modo
1369 4262 1393 4312 io

243 4341 306 4388 Vlll.
318 4337 400 4402 63-70
413 4343 530 4390 Moralem
541 4352 604 4399 octo.
623 4344 703 4406 72-80
715 4343 819 4407 Daphnis
830 4357 922 4392 nouem.

275 4419 285 4450 ¹
301 4421 358 4471 Plin.
370 4423 401 4472 ll.
410 4423 442 4472 N.
452 4424 560 4474 xxvm.
572 4437 610 4490 ¹9·
