3074 5066
225 365 285 424 288
627 359 683 424 DE
710 360 970 422 PARTITIONE

223 543 348 604 diuimrm
367 553 411 602 est
430 543 570 603 trinornm
589 561 735 612 uersuum,
748 541 831 600 linita
850 559 918 601 cum
937 541 1057 618 singulis
1076 541 1203 618 strophis
1217 541 1365 610 sententia,

223 658 284 700 non
299 641 390 718 signis
404 659 458 700 nee
471 641 618 702 literamm
635 641 741 718 specie,
755 640 841 717 quale
861 640 898 699 sit
912 639 1062 712 definiam
1084 657 1185 698 uersus
1205 641 1284 698 enim
1305 658 1366 698 non

223 739 328 814 singuli
352 738 477 816 spatium
499 737 593 798 lineae
615 739 756 810 obtinent,
779 738 832 796 sed
855 739 894 797 ab
916 747 1047 796 extrema
1066 737 1141 797 linea
1162 738 1200 796 ad
1220 738 1366 813 inceptam

222 847 392 914 sequentem
412 837 626 896 continuantur.
668 836 753 895 Idem
774 835 851 896 cadit
870 835 902 894 in
923 833 1081 911 Peristeph
1096 833 1178 904 XIV,
1197 851 1366 912 quanquam

221 933 279 994 hoc
293 933 413 1011 quidem
432 935 462 992 in
482 933 617 1011 strophas
636 952 698 994 non
717 933 868 1010 descripsit
881 931 1063 992 Prudentius.
1106 932 1165 992 Sed
1178 942 1277 990 tamen
1291 949 1367 1006 quae

221 1043 322 1092 extant
343 1031 468 1108 uestigia
485 1032 555 1092 satis
577 1031 705 1092 indicant
719 1029 951 1090 Christianorum
969 1029 1071 1090 saltem
1090 1029 1120 1088 in
1141 1029 1285 1106 poematis
1305 1045 1367 1088 non

221 1139 307 1190 notas
331 1147 456 1206 semper,
477 1129 579 1207 quales
600 1139 798 1188 memorantur
818 1146 836 1188 a
858 1127 998 1188 Suetonio
1019 1137 1049 1187 et
1068 1127 1192 1198 Isidoro,
1213 1137 1366 1204 usurpatas

221 1227 310 1288 luisse
328 1228 360 1285 in
374 1227 531 1288 discrimen
552 1227 745 1305 stropham,
760 1227 813 1288 sed
831 1227 910 1286 idem
924 1227 994 1286 alias
1008 1226 1152 1287 literanum
1166 1226 1292 1284 sormam
1306 1242 1367 1282 ma·

221 1327 313 1384 iorem
332 1325 402 1384 alias
419 1324 549 1386 relictum
565 1323 618 1404 (sic
632 1325 711 1384 enim
725 1322 826 1401 credo)
841 1333 908 1401 post
922 1324 1072 1401 stropham
1087 1325 1212 1400 spatium
1226 1323 1367 1382 effecisse.

222 1423 320 1496 Quem
335 1439 448 1482 morem
463 1441 525 1482 non
538 1433 584 1482 est
597 1443 649 1483 cur
663 1425 693 1482 in
707 1421 937 1482 Christianorum
951 1433 1064 1482 tantum
1083 1423 1226 1498 poematis
1240 1421 1367 1480 ualuisse

222 1533 366 1600 putemus
409 1521 486 1582 Cum
505 1524 584 1583 enirn
603 1535 635 1584 ut
656 1524 724 1594 dixi,
738 1542 800 1584 non
813 1541 929 1600 semper
942 1542 979 1582 ex
994 1525 1133 1600 scriptura
1147 1521 1257 1581 codicis
1271 1521 1368 1580 elicias

222 1631 295 1698 quot
307 1637 410 1680 uersus
424 1621 454 1680 in
467 1631 589 1698 utraque
603 1621 722 1697 stropha
735 1620 909 1680 Prudentius
923 1623 1071 1698 posuerit:
1092 1620 1149 1680 hoc
1162 1631 1261 1679 autem
1276 1619 1367 1678 modo

222 1729 342 1796 propter
362 1719 548 1778 continuatos
564 1735 669 1795 prosae
686 1737 768 1778 more
789 1737 901 1790 uersus,
919 1719 1011 1777 modo
1025 1717 1106 1796 quod
1126 1717 1202 1776 binis
1223 1716 1367 1776 columnis

223 1819 322 1896 scripti
345 1828 444 1878 essent
468 1819 592 1895 ideoque
616 1819 730 1890 turbati,
752 1819 875 1879 transitu
898 1821 936 1878 ab
960 1819 1050 1878 altera
1073 1818 1150 1878 lacto
1174 1818 1212 1877 ad
1237 1817 1366 1886 alteram,

223 1918 316 1977 modo
337 1935 374 1976 ex
395 1917 512 1977 omissis
535 1916 690 1976 initialibus
713 1916 810 1988 literis,
834 1917 974 1977 accidisse
1001 1916 1141 1987 uideatnr,
1166 1915 1240 1975 haee
1267 1915 1367 1975 omnia

223 2013 310 2078 etiam
325 2014 393 2072 alibi
409 2031 520 2074 errores
541 2032 575 2074 ae
590 2016 689 2074 turbas
708 2033 806 2074 creare
823 2023 987 2090 potuerunt.
1028 2013 1121 2074 Cuius
1139 2014 1180 2074 rei
1198 2012 1365 2089 exemplum

223 2113 304 2192 quod
318 2112 447 2190 suppetit
459 2111 592 2172 adiciam
635 2111 757 2171 Habent
770 2113 888 2173 codices
902 2111 1010 2172 Culicis
1023 2111 1096 2172 haec

365 2289 402 2351 57
448 2273 700 2352 Obonaportorr’s,
713 2279 814 2352 rr‘prrri
829 2277 1021 2351 nonpouperis
1036 2295 1116 2334 urum

445 2371 541 2432 Mente
549 2377 634 2450 prrirs
647 2374 868 2451 doctosnstrh'r'al
879 2380 905 2430 rt
911 2373 1006 2448 prober
1017 2373 1074 2430 illei

448 2469 550 2529 Omna
564 2472 701 2530 lmrrhe
713 2473 813 2546 spretis
826 2472 963 2546 rhcognr'lo
976 2472 1054 2528 curri

222 2639 307 2700 Haec
332 2642 488 2718 aliquando
513 2644 650 2704 continue
674 2645 780 2719 scripta
803 2642 891 2702 luisse
918 2643 949 2700 in
976 2643 1088 2714 codice,
1113 2642 1182 2701 hinc
1210 2643 1363 2703 concludo.

220 2739 340 2798 Dixerat
354 2753 457 2800 auctor
471 2743 606 2802 carminis
624 2741 759 2817 eaproter
775 2741 823 2799 r'llr'
835 2739 950 2799 Somnia
968 2741 1106 2800 luxuriae
1113 2761 1128 2808 ,·
1149 2741 1223 2800 haec
1240 2743 1365 2818 primum

141 2829 146 2838 ’
221 2837 353 2898 uersibus
377 2838 435 2897 alio
460 2857 547 2917 super
569 2839 657 2898 alium
678 2839 789 2916 positis,
812 2855 882 2897 mox
905 2838 1051 2898 continuis
1074 2838 1127 2898 sed
1151 2857 1204 2914 per
1227 2840 1364 2898 initialem

220 2934 333 2992 literam
361 2935 436 2994 inter
462 2955 495 2996 se
522 2937 631 3008 dirdsis,
659 2947 809 3012 postremo
836 2936 898 2994 sine
926 2935 1025 2994 initiali
1052 2936 1230 3013 legebantur.
1285 2937 1365 2996 Hinc

220 3033 328 3092 factum
342 3043 374 3092 ut
388 3032 562 3093 r'llr'Sommir
582 3035 612 3093 in
629 3035 687 3094 r'llr's
704 3033 805 3093 Οιιιιιιὶι
824 3044 967 3093 ιιιιιῐιιιιιιιι
981 3033 1073 3092 fuerit
1116 3035 1226 3094 Similia
1246 3053 1365 3111 passum

220 3145 285 3190 esse
298 3130 404 3191 Caballi
419 3131 615 3208 Hymenaeon
629 3130 701 3192 LXI
721 3133 780 3192 dixi
799 3134 829 3191 in
848 3132 1074 3209 Prolegomenis
1117 3132 1208 3192 Cuius
1226 3133 1300 3192 liber
1319 3134 1368 3192 hic'

220 3229 270 3306 qui
285 3230 322 3290 ad
336 3247 391 3290 nos
404 3231 536 3308 peruenit
549 3241 622 3306 quot
635 3241 665 3289 et
678 3239 802 3306 quantas
816 3239 914 3306 potest
928 3231 1050 3289 subiisse
1064 3231 1239 3290 mutationes
1251 3234 1258 3288 l
1288 3231 1364 3306 Ipse,

219 3337 253 3386 ut
266 3329 381 3404 opinor,
396 3329 419 3388 si
434 3328 563 3386 carmina
577 3327 697 3404 digessit
710 3327 741 3386 in
754 3326 897 3404 strophas,
912 3344 974 3386 non
988 3337 1049 3386 erat
1061 3327 1167 3386 librum
1186 3328 1240 3386 nisi
1261 3328 1364 3387 additis

218 3427 312 3502 signis
338 3427 525 3503 partitionum
553 3426 718 3485 emissurus.
769 3423 805 3485 Id
827 3426 929 3484 saltem
949 3427 979 3483 in
1000 3425 1033 3484 iis
1053 3425 1200 3486 concedas
1218 3444 1296 3502 quae
1316 3435 1364 3484 aut

219 3524 286 3600 ipso
312 3535 406 3584 metro
429 3534 479 3584 aut
506 3523 677 3600 interposito
704 3523 930 3600 epiphonemate
957 3523 1085 3599 speciem
1112 3541 1183 3600 prae
1211 3541 1243 3582 se
1271 3523 1364 3582 lerunt

219 3619 412 3697 stropharum,
441 3621 537 3697 qualia
564 3631 631 3679 sunt
661 3620 809 3697 sapphica,
833 3620 984 3696 glyconea,
1008 3619 1236 3696 Epithalamium
1268 3619 1365 3696 Vesper

217 3719 302 3790 adest,
316 3721 433 3788 simones,
447 3721 624 3794 murgam·
653 3717 749 3793 Vesper
765 3716 898 3794 Olympo:
918 3735 970 3777 cur
988 3717 1085 3777 minus
1103 3717 1133 3776 in
1154 3717 1188 3776 iis
1209 3733 1284 3794 quae
1304 3735 1363 3776 non

218 3815 316 3876 minus
339 3825 449 3876 certam
468 3817 661 3895 partitionem,
681 3815 744 3874 siue
764 3815 795 3872 in
815 3816 896 3892 paria
915 3815 1024 3874 habent
1045 3815 1107 3874 siue
1129 3815 1159 3873 in
1179 3815 1363 3892 aequabilia?

217 3926 243 3970 c.
259 3911 347 3971 XXX
361 3913 399 3972 ad
420 3915 587 3991 exemplum
608 3913 720 3990 scripsit
735 3911 869 3989 Sapphus
878 3933 886 3984 ;
908 3931 970 3972 non
987 3921 1019 3972 ut
1034 3912 1154 3989 Sappho
1168 3911 1363 3989 descripturus

217 4020 279 4070 erat
297 4012 328 4069 in
349 4013 493 4089 strophas,
508 4031 570 4072 non
583 4021 615 4072 ut
629 4009 764 4088 Sapphus
783 4010 924 4070 editiones
944 4012 983 4070 ita
1001 4028 1085 4070 suam
1104 4021 1175 4071 nota
1191 4009 1287 4086 aliqua
1305 4011 1362 4070 dis·

217 4105 358 4166 tincturus
383 4109 588 4186 stropharum?
617 4128 641 4168 c.
669 4108 772 4168 XXIX
799 4108 976 4168 lucidissima
1002 4108 1156 4185 partitione
1179 4109 1209 4166 in
1233 4108 1362 4185 quinque

216 4201 316 4261 diuisit
338 4214 496 4280 systemata
520 4207 702 4267 iamborum:
731 4224 791 4265 non
819 4206 967 4265 interualla
994 4206 1097 4264 saltem
1126 4203 1274 4264 additurus
1303 4213 1363 4264 erat

215 4300 322 4378 quibus
335 4301 365 4360 id
379 4304 600 4364 ostenderetur?
641 4324 666 4364 c.
681 4303 751 4363 XLI
773 4303 918 4364 uocabulo
932 4304 1028 4379 puella
1045 4313 1147 4381 quater
1167 4303 1197 4361 in
1216 4312 1285 4362 octo
1299 4321 1363 4362 uer·

217 4399 296 4458 sibus
317 4397 423 4478 posito,
436 4400 482 4460 bis
501 4412 568 4480 post
588 4412 728 4480 quartam,
742 4403 788 4461 bis
807 4412 875 4478 post
894 4411 1005 4461 sextam
1027 4401 1168 4478 syllabam
1190 4402 1219 4460 in
1239 4410 1363 4477 quatuor
