<?xml version="1.0" encoding="UTF-8"?>
<!DOCTYPE html PUBLIC "-//W3C//DTD XHTML 1.0 Transitional//EN"
    "http://www.w3.org/TR/xhtml1/DTD/xhtml1-transitional.dtd">
<html xmlns="http://www.w3.org/1999/xhtml" xml:lang="en" lang="en">
 <head>
  <title>
</title>
<meta http-equiv="Content-Type" content="text/html;charset=utf-8" />
  <meta name='ocr-system' content='tesseract 3.04.00' />
  <meta name='ocr-capabilities' content='ocr_page ocr_carea ocr_par ocr_line ocrx_word'/>
</head>
<body>
  <div class='ocr_page' id='page_1' title='image "./catulliliber00elligoog_0077.png"; bbox 0 0 3118 5054; ppageno 0'>
   <div class='ocr_carea' id='block_1_1' title="bbox 664 417 1021 481">
    <p class='ocr_par' dir='ltr' id='par_1_1' title="bbox 664 417 1021 481">
     <span class='ocr_line' id='line_1_1' title="bbox 664 417 1021 481; baseline 0 -3"><span class='ocrx_word' id='word_1_1' title='bbox 664 417 1021 481; x_wconf 82' lang='lat' dir='ltr'><strong>PROLEGOMENA.</strong></span> 
     </span>
    </p>
   </div>
   <div class='ocr_carea' id='block_1_2' title="bbox 436 603 1219 781">
    <p class='ocr_par' dir='ltr' id='par_1_2' title="bbox 436 603 1219 781">
     <span class='ocr_line' id='line_1_2' title="bbox 436 603 1219 781; baseline -0.004 -16"><span class='ocrx_word' id='word_1_2' title='bbox 436 607 477 781; x_wconf 57' lang='grc' dir='ltr'><strong>ἐξ</strong></span> <span class='ocrx_word' id='word_1_3' title='bbox 497 603 710 764; x_wconf 53' lang='grc' dir='ltr'>ὃοίἱίοεῗέοιεο</span> <span class='ocrx_word' id='word_1_4' title='bbox 724 705 805 764; x_wconf 86' lang='lat' dir='ltr'><strong>uario</strong></span> <span class='ocrx_word' id='word_1_5' title='bbox 820 701 866 763; x_wconf 90' lang='lat' dir='ltr'><strong>Ne</strong></span> <span class='ocrx_word' id='word_1_6' title='bbox 881 702 950 764; x_wconf 85' lang='lat' dir='ltr'><strong>Sola</strong></span> <span class='ocrx_word' id='word_1_7' title='bbox 964 703 994 762; x_wconf 91' lang='lat' dir='ltr'><strong>in</strong></span> <span class='ocrx_word' id='word_1_8' title='bbox 1008 701 1132 763; x_wconf 85' lang='lat' dir='ltr'>Lumine</span> <span class='ocrx_word' id='word_1_9' title='bbox 1146 702 1219 763; x_wconf 76' lang='lat' dir='ltr'><strong>eseli</strong></span> 
     </span>
    </p>
   </div>
   <div class='ocr_carea' id='block_1_3' title="bbox 436 803 1123 960">
    <p class='ocr_par' dir='ltr' id='par_1_3' title="bbox 436 803 1123 960">
     <span class='ocr_line' id='line_1_3' title="bbox 436 803 1123 880; baseline -0.003 -16"><span class='ocrx_word' id='word_1_10' title='bbox 436 817 476 878; x_wconf 78' lang='lat'><strong>70</strong></span> <span class='ocrx_word' id='word_1_11' title='bbox 537 803 617 862; x_wconf 90' lang='lat' dir='ltr'><strong>Luce</strong></span> <span class='ocrx_word' id='word_1_12' title='bbox 633 803 750 863; x_wconf 86' lang='lat' dir='ltr'><strong>Tamen</strong></span> <span class='ocrx_word' id='word_1_13' title='bbox 763 821 854 864; x_wconf 69' lang='lat' dir='ltr'><strong>mnae</strong></span> <span class='ocrx_word' id='word_1_14' title='bbox 868 803 975 880; x_wconf 83' lang='lat' dir='ltr'><strong>Tethyi</strong></span> <span class='ocrx_word' id='word_1_15' title='bbox 989 803 1123 862; x_wconf 87' lang='lat' dir='ltr'><strong>restituor</strong></span> 
     </span>
     <span class='ocr_line' id='line_1_4' title="bbox 961 900 1046 960; baseline 0 0"><span class='ocrx_word' id='word_1_16' title='bbox 961 900 1046 960; x_wconf 86' lang='lat' dir='ltr'><strong>Diuis</strong></span> 
     </span>
    </p>
   </div>
   <div class='ocr_carea' id='block_1_4' title="bbox 435 1294 1197 1771">
    <p class='ocr_par' dir='ltr' id='par_1_4' title="bbox 436 1294 1197 1672">
     <span class='ocr_line' id='line_1_5' title="bbox 436 1294 1197 1374; baseline -0.003 -18"><span class='ocrx_word' id='word_1_17' title='bbox 436 1298 475 1374; x_wconf 88' lang='lat'><strong>85</strong></span> <span class='ocrx_word' id='word_1_18' title='bbox 497 1297 576 1358; x_wconf 83' lang='lat' dir='ltr'><strong>illius</strong></span> <span class='ocrx_word' id='word_1_19' title='bbox 590 1296 670 1358; x_wconf 84' lang='lat' dir='ltr'><strong>Aura</strong></span> <span class='ocrx_word' id='word_1_20' title='bbox 683 1295 755 1356; x_wconf 87' lang='lat' dir='ltr'><strong>leuis</strong></span> <span class='ocrx_word' id='word_1_21' title='bbox 769 1294 849 1356; x_wconf 87' lang='lat' dir='ltr'><strong>dona</strong></span> <span class='ocrx_word' id='word_1_22' title='bbox 863 1295 891 1354; x_wconf 72' lang='lat' dir='ltr'><strong>de</strong></span> <span class='ocrx_word' id='word_1_23' title='bbox 904 1297 985 1355; x_wconf 87' lang='lat' dir='ltr'><strong>bibat</strong></span> <span class='ocrx_word' id='word_1_24' title='bbox 998 1294 1088 1354; x_wconf 84' lang='lat' dir='ltr'><strong>Arida</strong></span> <span class='ocrx_word' id='word_1_25' title='bbox 1101 1294 1197 1372; x_wconf 89' lang='lat' dir='ltr'><strong>puluis</strong></span> 
     </span>
     <span class='ocr_line' id='line_1_6' title="bbox 437 1391 1118 1472; baseline -0.004 -17"><span class='ocrx_word' id='word_1_26' title='bbox 437 1415 473 1472; x_wconf 91' lang='lat' dir='ltr'><strong>9r</strong></span> <span class='ocrx_word' id='word_1_27' title='bbox 680 1413 741 1454; x_wconf 88' lang='lat' dir='ltr'><strong>non</strong></span> <span class='ocrx_word' id='word_1_28' title='bbox 755 1391 904 1452; x_wconf 86' lang='lat' dir='ltr'><strong>Monstres</strong></span> <span class='ocrx_word' id='word_1_29' title='bbox 918 1413 982 1455; x_wconf 88' lang='lat' dir='ltr'><strong>esse</strong></span> <span class='ocrx_word' id='word_1_30' title='bbox 996 1393 1056 1452; x_wconf 92' lang='lat' dir='ltr'><strong>Tui</strong></span> <span class='ocrx_word' id='word_1_31' title='bbox 1069 1411 1118 1452; x_wconf 88' lang='lat' dir='ltr'><strong>me</strong></span> 
     </span>
     <span class='ocr_line' id='line_1_7' title="bbox 436 1489 1168 1571; baseline -0.005 -18"><span class='ocrx_word' id='word_1_32' title='bbox 436 1513 474 1571; x_wconf 81' lang='lat'><strong>9²</strong></span> <span class='ocrx_word' id='word_1_33' title='bbox 800 1493 892 1552; x_wconf 84' lang='lat' dir='ltr'><strong>Affice</strong></span> <span class='ocrx_word' id='word_1_34' title='bbox 1015 1489 1168 1571; x_wconf 71' lang='lat' dir='ltr'><strong>(Scaliger)</strong></span> 
     </span>
     <span class='ocr_line' id='line_1_8' title="bbox 437 1592 776 1672; baseline -0.006 -18"><span class='ocrx_word' id='word_1_35' title='bbox 437 1614 475 1672; x_wconf 81' lang='lat'><strong>93</strong></span> <span class='ocrx_word' id='word_1_36' title='bbox 638 1592 776 1654; x_wconf 79' lang='lat' dir='ltr'><strong>Retinent</strong></span> 
     </span>
    </p>

    <p class='ocr_par' dir='ltr' id='par_1_5' title="bbox 435 1689 1099 1771">
     <span class='ocr_line' id='line_1_9' title="bbox 435 1689 1099 1771; baseline -0.002 -18"><span class='ocrx_word' id='word_1_37' title='bbox 435 1713 474 1770; x_wconf 84' lang='lat'><strong>94</strong></span> <span class='ocrx_word' id='word_1_38' title='bbox 495 1692 648 1754; x_wconf 83' lang='lat' dir='ltr'><strong>Proximus</strong></span> <span class='ocrx_word' id='word_1_39' title='bbox 663 1691 834 1771; x_wconf 83' lang='lat' dir='ltr'>Hydrochoi</span> <span class='ocrx_word' id='word_1_40' title='bbox 848 1691 956 1768; x_wconf 78' lang='lat' dir='ltr'><strong>fulgeat</strong></span> <span class='ocrx_word' id='word_1_41' title='bbox 970 1689 1099 1768; x_wconf 76' lang='lat' dir='ltr'>Erigone</span> 
     </span>
    </p>
   </div>
   <div class='ocr_carea' id='block_1_5' title="bbox 298 1814 1411 2290">
    <p class='ocr_par' dir='ltr' id='par_1_6' title="bbox 298 1814 1411 2290">
     <span class='ocr_line' id='line_1_10' title="bbox 298 1814 704 1894; baseline 0 -18"><span class='ocrx_word' id='word_1_42' title='bbox 298 1814 422 1878; x_wconf 89' lang='lat' dir='ltr'>LXVII.</span> <span class='ocrx_word' id='word_1_43' title='bbox 437 1833 471 1894; x_wconf 77' lang='lat'><strong>¹7</strong></span> <span class='ocrx_word' id='word_1_44' title='bbox 494 1817 574 1892; x_wconf 89' lang='lat' dir='ltr'><strong>Quid</strong></span> <span class='ocrx_word' id='word_1_45' title='bbox 589 1815 704 1880; x_wconf 89' lang='lat' dir='ltr'><strong>Possim</strong></span> 
     </span>
     <span class='ocr_line' id='line_1_11' title="bbox 438 1913 1250 1979; baseline -0.001 -2"><span class='ocrx_word' id='word_1_46' title='bbox 438 1921 473 1977; x_wconf 88' lang='lat'><strong>18</strong></span> <span class='ocrx_word' id='word_1_47' title='bbox 535 1917 601 1979; x_wconf 93' lang='lat' dir='ltr'><strong>Nos</strong></span> <span class='ocrx_word' id='word_1_48' title='bbox 614 1919 749 1978; x_wconf 90' lang='lat' dir='ltr'><strong>uolumus</strong></span> <span class='ocrx_word' id='word_1_49' title='bbox 762 1916 848 1976; x_wconf 88' lang='lat' dir='ltr'><strong>uobis</strong></span> <span class='ocrx_word' id='word_1_50' title='bbox 862 1915 967 1976; x_wconf 85' lang='lat' dir='ltr'>dicere.</span> <span class='ocrx_word' id='word_1_51' title='bbox 1008 1913 1071 1974; x_wconf 71' lang='lat' dir='ltr'><strong>Cat</strong></span> <span class='ocrx_word' id='word_1_52' title='bbox 1087 1913 1134 1974; x_wconf 91' lang='lat' dir='ltr'><strong>Ne</strong></span> <span class='ocrx_word' id='word_1_53' title='bbox 1148 1915 1250 1976; x_wconf 87' lang='lat' dir='ltr'><strong>dubita</strong></span> 
     </span>
     <span class='ocr_line' id='line_1_12' title="bbox 435 2013 1039 2094; baseline -0.007 -18"><span class='ocrx_word' id='word_1_54' title='bbox 435 2035 472 2093; x_wconf 80' lang='lat'><strong>3²</strong></span> <span class='ocrx_word' id='word_1_55' title='bbox 596 2015 727 2076; x_wconf 88' lang='lat' dir='ltr'><strong>Chineae</strong></span> <span class='ocrx_word' id='word_1_56' title='bbox 740 2017 890 2094; x_wconf 86' lang='lat' dir='ltr'><strong>supposita</strong></span> <span class='ocrx_word' id='word_1_57' title='bbox 904 2013 1039 2091; x_wconf 85' lang='lat' dir='ltr'><strong>speculae</strong></span> 
     </span>
     <span class='ocr_line' id='line_1_13' title="bbox 436 2111 1411 2196; baseline 0.002 -22"><span class='ocrx_word' id='word_1_58' title='bbox 436 2135 474 2192; x_wconf 79' lang='lat'><strong>33</strong></span> <span class='ocrx_word' id='word_1_59' title='bbox 676 2115 836 2175; x_wconf 79' lang='lat' dir='ltr'><strong>Praecurrit</strong></span> <span class='ocrx_word' id='word_1_60' title='bbox 970 2111 1051 2172; x_wconf 91' lang='lat' dir='ltr'><strong>Mela</strong></span> <span class='ocrx_word' id='word_1_61' title='bbox 1065 2111 1233 2192; x_wconf 85' lang='lat' dir='ltr'><strong>(praecurrit</strong></span> <span class='ocrx_word' id='word_1_62' title='bbox 1248 2113 1411 2196; x_wconf 74' lang='lat' dir='ltr'><strong>Cluumies)</strong></span> 
     </span>
     <span class='ocr_line' id='line_1_14' title="bbox 435 2209 1131 2290; baseline -0.009 -16"><span class='ocrx_word' id='word_1_63' title='bbox 435 2233 473 2290; x_wconf 84' lang='lat'><strong>34</strong></span> <span class='ocrx_word' id='word_1_64' title='bbox 878 2210 963 2271; x_wconf 83' lang='lat' dir='ltr'><strong>Tuae</strong></span> <span class='ocrx_word' id='word_1_65' title='bbox 977 2209 1131 2290; x_wconf 66' lang='lat' dir='ltr'><strong>(Scaliger)</strong></span> 
     </span>
    </p>
   </div>
   <div class='ocr_carea' id='block_1_6' title="bbox 280 2333 1329 3997">
    <p class='ocr_par' dir='ltr' id='par_1_7' title="bbox 280 2333 1329 3997">
     <span class='ocr_line' id='line_1_15' title="bbox 280 2333 1329 2416; baseline 0.002 -20"><span class='ocrx_word' id='word_1_66' title='bbox 280 2335 497 2414; x_wconf 80' lang='lat' dir='ltr'>val11.(54)</span> <span class='ocrx_word' id='word_1_67' title='bbox 843 2333 954 2394; x_wconf 85' lang='lat' dir='ltr'><strong>Manlia</strong></span> <span class='ocrx_word' id='word_1_68' title='bbox 1157 2334 1329 2416; x_wconf 73' lang='lat' dir='ltr'><strong>(Turnebus)</strong></span> 
     </span>
     <span class='ocr_line' id='line_1_16' title="bbox 434 2431 899 2513; baseline 0.004 -22"><span class='ocrx_word' id='word_1_69' title='bbox 434 2431 499 2513; x_wconf 79' lang='lat'>(56)</span> <span class='ocrx_word' id='word_1_70' title='bbox 521 2431 677 2493; x_wconf 82' lang='lat' dir='ltr'><strong>Cessarent</strong></span> <span class='ocrx_word' id='word_1_71' title='bbox 690 2431 795 2511; x_wconf 91' lang='lat' dir='ltr'><strong>Neque</strong></span> <span class='ocrx_word' id='word_1_72' title='bbox 809 2433 899 2493; x_wconf 90' lang='lat' dir='ltr'><strong>Tristi</strong></span> 
     </span>
     <span class='ocr_line' id='line_1_17' title="bbox 433 2527 765 2612; baseline 0 -22"><span class='ocrx_word' id='word_1_73' title='bbox 433 2527 498 2612; x_wconf 83' lang='lat'>(71)</span> <span class='ocrx_word' id='word_1_74' title='bbox 684 2531 765 2591; x_wconf 93' lang='lat' dir='ltr'><strong>Tuto</strong></span> 
     </span>
     <span class='ocr_line' id='line_1_18' title="bbox 434 2626 970 2710; baseline 0.002 -22"><span class='ocrx_word' id='word_1_75' title='bbox 434 2626 499 2710; x_wconf 82' lang='lat'>(74)</span> <span class='ocrx_word' id='word_1_76' title='bbox 823 2629 970 2690; x_wconf 86' lang='lat' dir='ltr'><strong>laudamia</strong></span> 
     </span>
     <span class='ocr_line' id='line_1_19' title="bbox 433 2725 1007 2809; baseline 0.003 -22"><span class='ocrx_word' id='word_1_77' title='bbox 433 2727 499 2809; x_wconf 81' lang='lat'>(75)</span> <span class='ocrx_word' id='word_1_78' title='bbox 521 2725 652 2806; x_wconf 83' lang='lat' dir='ltr'><strong>Accepta</strong></span> <span class='ocrx_word' id='word_1_79' title='bbox 666 2726 769 2788; x_wconf 83' lang='lat' dir='ltr'><strong>frustra</strong></span> <span class='ocrx_word' id='word_1_80' title='bbox 783 2726 859 2788; x_wconf 89' lang='lat' dir='ltr'><strong>Cum</strong></span> <span class='ocrx_word' id='word_1_81' title='bbox 874 2730 1007 2789; x_wconf 86' lang='lat' dir='ltr'><strong>nondum</strong></span> 
     </span>
     <span class='ocr_line' id='line_1_20' title="bbox 433 2825 935 2906; baseline 0.006 -22"><span class='ocrx_word' id='word_1_82' title='bbox 433 2825 499 2906; x_wconf 83' lang='lat'><strong>(76)</strong></span> <span class='ocrx_word' id='word_1_83' title='bbox 743 2825 935 2888; x_wconf 85' lang='lat' dir='ltr'><strong>Conciliasset</strong></span> 
     </span>
     <span class='ocr_line' id='line_1_21' title="bbox 431 2922 1263 3004; baseline 0.005 -21"><span class='ocrx_word' id='word_1_84' title='bbox 431 2922 498 3004; x_wconf 82' lang='lat'>(81)</span> <span class='ocrx_word' id='word_1_85' title='bbox 781 2925 861 2985; x_wconf 90' lang='lat' dir='ltr'><strong>Noui</strong></span> <span class='ocrx_word' id='word_1_86' title='bbox 1105 2925 1263 3002; x_wconf 78' lang='lat' dir='ltr'><strong>(Muretus)</strong></span> 
     </span>
     <span class='ocr_line' id='line_1_22' title="bbox 433 3021 1137 3104; baseline 0.003 -1"><span class='ocrx_word' id='word_1_87' title='bbox 433 3021 500 3103; x_wconf 82' lang='lat'>(99)</span> <span class='ocrx_word' id='word_1_88' title='bbox 986 3023 1137 3104; x_wconf 75' lang='lat' dir='ltr'><strong>sepumm</strong></span> 
     </span>
     <span class='ocr_line' id='line_1_23' title="bbox 413 3123 906 3204; baseline 0.004 -21"><span class='ocrx_word' id='word_1_89' title='bbox 413 3123 499 3204; x_wconf 87' lang='lat' dir='ltr'><strong>(roa)</strong></span> <span class='ocrx_word' id='word_1_90' title='bbox 823 3123 906 3185; x_wconf 84' lang='lat' dir='ltr'><strong>Deos</strong></span> 
     </span>
     <span class='ocr_line' id='line_1_24' title="bbox 413 3220 1247 3301; baseline 0.005 -21"><span class='ocrx_word' id='word_1_91' title='bbox 413 3220 499 3301; x_wconf 85' lang='lat'>(118)</span> <span class='ocrx_word' id='word_1_92' title='bbox 521 3220 612 3294; x_wconf 83' lang='lat' dir='ltr'><strong>Quod</strong></span> <span class='ocrx_word' id='word_1_93' title='bbox 625 3221 725 3282; x_wconf 89' lang='lat' dir='ltr'><strong>diuum</strong></span> <span class='ocrx_word' id='word_1_94' title='bbox 739 3222 891 3284; x_wconf 89' lang='lat' dir='ltr'><strong>dominum</strong></span> <span class='ocrx_word' id='word_1_95' title='bbox 1060 3225 1112 3300; x_wconf 78' lang='lat' dir='ltr'><strong>(sic</strong></span> <span class='ocrx_word' id='word_1_96' title='bbox 1124 3223 1192 3286; x_wconf 78' lang='grc' dir='ltr'><strong>ΑΜ.</strong></span> <span class='ocrx_word' id='word_1_97' title='bbox 1206 3223 1247 3299; x_wconf 89' lang='grc' dir='ltr'><strong>Ι.)</strong></span> 
     </span>
     <span class='ocr_line' id='line_1_25' title="bbox 413 3315 1174 3400; baseline 0.008 -22"><span class='ocrx_word' id='word_1_98' title='bbox 413 3315 498 3398; x_wconf 82' lang='lat'>(128)</span> <span class='ocrx_word' id='word_1_99' title='bbox 520 3318 619 3392; x_wconf 85' lang='lat' dir='ltr'><strong>Quam</strong></span> <span class='ocrx_word' id='word_1_100' title='bbox 633 3339 708 3398; x_wconf 89' lang='lat' dir='ltr'><strong>quae</strong></span> <span class='ocrx_word' id='word_1_101' title='bbox 1033 3325 1174 3400; x_wconf 77' lang='lat' dir='ltr'><strong>(Vossrics)</strong></span> 
     </span>
     <span class='ocr_line' id='line_1_26' title="bbox 412 3419 1244 3504; baseline 0.008 -25"><span class='ocrx_word' id='word_1_102' title='bbox 412 3419 499 3501; x_wconf 85' lang='lat'>(141)</span> <span class='ocrx_word' id='word_1_103' title='bbox 897 3423 1085 3504; x_wconf 86' lang='lat' dir='ltr'><strong>Componere</strong></span> <span class='ocrx_word' id='word_1_104' title='bbox 1100 3425 1177 3486; x_wconf 89' lang='lat' dir='ltr'><strong>Phas</strong></span> <span class='ocrx_word' id='word_1_105' title='bbox 1190 3425 1244 3486; x_wconf 87' lang='lat' dir='ltr'><strong>Est</strong></span> 
     </span>
     <span class='ocr_line' id='line_1_27' title="bbox 412 3515 907 3600; baseline 0.004 -2"><span class='ocrx_word' id='word_1_106' title='bbox 412 3515 498 3598; x_wconf 77' lang='lat'>(145)</span> <span class='ocrx_word' id='word_1_107' title='bbox 823 3521 907 3600; x_wconf 75' lang='lat' dir='ltr'><strong>niara</strong></span> 
     </span>
     <span class='ocr_line' id='line_1_28' title="bbox 412 3614 700 3695; baseline 0.003 -20"><span class='ocrx_word' id='word_1_108' title='bbox 412 3614 497 3695; x_wconf 84' lang='lat'>(151)</span> <span class='ocrx_word' id='word_1_109' title='bbox 559 3615 700 3676; x_wconf 86' lang='lat' dir='ltr'><strong>Nostrum</strong></span> 
     </span>
     <span class='ocr_line' id='line_1_29' title="bbox 412 3712 698 3794; baseline 0.007 -21"><span class='ocrx_word' id='word_1_110' title='bbox 412 3712 498 3794; x_wconf 82' lang='lat'>(153)</span> <span class='ocrx_word' id='word_1_111' title='bbox 579 3714 698 3775; x_wconf 86' lang='lat' dir='ltr'><strong>Addarrt</strong></span> 
     </span>
     <span class='ocr_line' id='line_1_30' title="bbox 411 3812 1161 3898; baseline 0.011 -25"><span class='ocrx_word' id='word_1_112' title='bbox 411 3812 496 3894; x_wconf 83' lang='lat'>(157)</span> <span class='ocrx_word' id='word_1_113' title='bbox 558 3814 716 3893; x_wconf 85' lang='lat' dir='ltr'><strong>Praecipue</strong></span> <span class='ocrx_word' id='word_1_114' title='bbox 730 3817 816 3876; x_wconf 88' lang='lat' dir='ltr'><strong>nobis</strong></span> <span class='ocrx_word' id='word_1_115' title='bbox 830 3817 953 3878; x_wconf 86' lang='lat' dir='ltr'><strong>Terram</strong></span> <span class='ocrx_word' id='word_1_116' title='bbox 967 3819 1055 3892; x_wconf 90' lang='lat' dir='ltr'><strong>dedit,</strong></span> <span class='ocrx_word' id='word_1_117' title='bbox 1069 3838 1087 3880; x_wconf 83' lang='lat' dir='ltr'><strong>a</strong></span> <span class='ocrx_word' id='word_1_118' title='bbox 1100 3839 1161 3898; x_wconf 89' lang='lat' dir='ltr'><strong>quo</strong></span> 
     </span>
     <span class='ocr_line' id='line_1_31' title="bbox 411 3909 1167 3997; baseline 0.009 -26"><span class='ocrx_word' id='word_1_119' title='bbox 411 3909 498 3992; x_wconf 84' lang='lat'>(158)</span> <span class='ocrx_word' id='word_1_120' title='bbox 580 3914 654 3974; x_wconf 89' lang='lat' dir='ltr'><strong>Sunt</strong></span> <span class='ocrx_word' id='word_1_121' title='bbox 667 3915 762 3997; x_wconf 78' lang='lat' dir='ltr'><strong>primu</strong></span> <span class='ocrx_word' id='word_1_122' title='bbox 777 3917 862 3976; x_wconf 89' lang='lat' dir='ltr'><strong>nobis</strong></span> <span class='ocrx_word' id='word_1_123' title='bbox 875 3915 990 3977; x_wconf 84' lang='lat' dir='ltr'><strong>omina¹</strong></span> <span class='ocrx_word' id='word_1_124' title='bbox 1006 3929 1074 3978; x_wconf 90' lang='lat' dir='ltr'><strong>nata</strong></span> <span class='ocrx_word' id='word_1_125' title='bbox 1087 3919 1167 3979; x_wconf 87' lang='lat' dir='ltr'><strong>bona</strong></span> 
     </span>
    </p>
   </div>
   <div class='ocr_carea' id='block_1_7' title="bbox 314 4035 1303 4216">
    <p class='ocr_par' dir='ltr' id='par_1_8' title="bbox 314 4035 1303 4216">
     <span class='ocr_line' id='line_1_32' title="bbox 314 4035 821 4114; baseline 0.004 -16"><span class='ocrx_word' id='word_1_126' title='bbox 314 4035 437 4098; x_wconf 83' lang='lat' dir='ltr'>&#39;LX1X.</span> <span class='ocrx_word' id='word_1_127' title='bbox 471 4035 581 4114; x_wconf 81' lang='lat' dir='ltr'><strong>3Non</strong></span> <span class='ocrx_word' id='word_1_128' title='bbox 593 4037 690 4098; x_wconf 82' lang='lat' dir='ltr'><strong>Vllum</strong></span> <span class='ocrx_word' id='word_1_129' title='bbox 705 4049 821 4100; x_wconf 83' lang='lat' dir='ltr'><strong>auratae</strong></span> 
     </span>
     <span class='ocr_line' id='line_1_33' title="bbox 456 4137 1303 4216; baseline 0.007 -23"><span class='ocrx_word' id='word_1_130' title='bbox 456 4153 492 4193; x_wconf 91' lang='lat'><strong>10</strong></span> <span class='ocrx_word' id='word_1_131' title='bbox 803 4193 810 4204; x_wconf 85' lang='lat'>‚</span> <span class='ocrx_word' id='word_1_132' title='bbox 936 4137 1061 4216; x_wconf 75' lang='lat' dir='ltr'><strong>Fugiunt</strong></span> <span class='ocrx_word' id='word_1_133' title='bbox 1143 4139 1303 4214; x_wconf 75' lang='lat' dir='ltr'><strong>(Heritsrits)</strong></span> 
     </span>
    </p>
   </div>
   <div class='ocr_carea' id='block_1_8' title="bbox 331 4255 1270 4334">
    <p class='ocr_par' dir='ltr' id='par_1_9' title="bbox 331 4255 1270 4334">
     <span class='ocr_line' id='line_1_34' title="bbox 331 4255 1270 4334; baseline 0.009 -19"><span class='ocrx_word' id='word_1_134' title='bbox 331 4255 438 4316; x_wconf 87' lang='lat' dir='ltr'>LXXI.</span> <span class='ocrx_word' id='word_1_135' title='bbox 475 4275 486 4315; x_wconf 92' lang='lat'>1</span> <span class='ocrx_word' id='word_1_136' title='bbox 513 4255 542 4316; x_wconf 91' lang='lat' dir='ltr'><strong>Si</strong></span> <span class='ocrx_word' id='word_1_137' title='bbox 556 4275 644 4334; x_wconf 87' lang='lat' dir='ltr'><strong>quam</strong></span> <span class='ocrx_word' id='word_1_138' title='bbox 660 4257 725 4317; x_wconf 90' lang='lat' dir='ltr'><strong>Iure</strong></span> <span class='ocrx_word' id='word_1_139' title='bbox 739 4259 820 4318; x_wconf 87' lang='lat' dir='ltr'>bono</span> <span class='ocrx_word' id='word_1_140' title='bbox 834 4277 916 4320; x_wconf 89' lang='lat' dir='ltr'><strong>sacer</strong></span> <span class='ocrx_word' id='word_1_141' title='bbox 930 4261 1050 4321; x_wconf 86' lang='lat' dir='ltr'><strong>Aiarum</strong></span> <span class='ocrx_word' id='word_1_142' title='bbox 1064 4263 1160 4323; x_wconf 88' lang='lat' dir='ltr'><strong>obruit</strong></span> <span class='ocrx_word' id='word_1_143' title='bbox 1173 4263 1270 4323; x_wconf 90' lang='lat' dir='ltr'><strong>hircus</strong></span> 
     </span>
    </p>
   </div>
   <div class='ocr_carea' id='block_1_9' title="bbox 650 4449 1030 4501">
    <p class='ocr_par' dir='ltr' id='par_1_10' title="bbox 650 4449 1030 4501">
     <span class='ocr_line' id='line_1_35' title="bbox 650 4449 1030 4501; baseline 0.013 -5"><span class='ocrx_word' id='word_1_144' title='bbox 650 4449 660 4484; x_wconf 75' lang='lat'>²</span> <span class='ocrx_word' id='word_1_145' title='bbox 676 4451 705 4496; x_wconf 76' lang='lat' dir='ltr'><strong>Ia</strong></span> <span class='ocrx_word' id='word_1_146' title='bbox 716 4450 798 4498; x_wconf 75' lang='lat' dir='ltr'><strong>matie</strong></span> <span class='ocrx_word' id='word_1_147' title='bbox 809 4461 933 4500; x_wconf 71' lang='lat' dir='ltr'><strong>mecum</strong></span> <span class='ocrx_word' id='word_1_148' title='bbox 945 4453 1030 4501; x_wconf 84' lang='lat' dir='ltr'><strong>omnia.</strong></span> 
     </span>
    </p>
   </div>
   <div class='ocr_carea' id='block_1_10' title="bbox 0 0 1564 5054">
    <p class='ocr_par' dir='ltr' id='par_1_11' title="bbox 0 0 1564 5054">
     <span class='ocr_line' id='line_1_36' title="bbox 0 0 1564 5054; baseline 0 3"><span class='ocrx_word' id='word_1_149' title='bbox 0 0 1564 5054; x_wconf 95' lang='lat' dir='ltr'><strong> </strong></span> 
     </span>
    </p>
   </div>
  </div>
 </body>
</html>
