3094 5052
680 396 900 462 CATVLLI

432 583 484 646 Te
507 585 541 646 in
564 584 687 668 templo
708 585 825 647 summi
849 582 937 647 Iouis
958 595 1084 648 sacrato
1107 625 1119 658 .

476 695 513 759 In
537 695 652 779 Magni
676 697 772 759 simul
795 698 1015 762 ambulatione

345 831 378 912 β’
520 831 678 894 Femellas
699 852 823 918 omnes³
846 835 962 918 amice,
985 833 1109 918 prendi,

519 943 608 1030 Qas
630 944 720 1007 uultu
743 944 811 1007 uidi
834 954 943 1008 tamen
967 965 1106 1009 serenas.

352 1081 388 1146 a''
435 1081 595 1166 Auellent,
617 1083 665 1146 sic
688 1084 755 1166 ipse
778 1083 975 1168 flagitabam,

475 1191 662 1256 Camerium
685 1193 765 1255 mihi
789 1195 947 1277 pessimae
970 1194 1117 1277 puellae?
1340 1227 1373 1260 ιο

432 1303 599 1390 Quaedam
623 1305 743 1388 inquit,
765 1305 885 1368 nudum
908 1305 1037 1370 reducto
1047 1315 1172 1391 pectus,

475 1413 547 1476 ‘Ea
570 1415 623 1477 hic
646 1417 680 1478 in
704 1417 805 1480 roseis
829 1417 908 1479 latet
931 1416 1082 1501 papillis!

344 1552 385 1632 β”
515 1553 576 1616 Sed
599 1563 631 1616 te
655 1556 720 1617 iam
743 1554 825 1616 ferre
848 1553 1003 1616 Herculei
1026 1554 1114 1616 labos
1136 1565 1205 1636 est;

521 1666 632 1730 Tanto
653 1677 688 1729 te
711 1669 746 1729 in
769 1667 853 1730 fastu
877 1686 985 1750 negas,
1007 1669 1122 1730 amice.

252 1921 277 1970 5.
312 1904 403 1972 superi
414 1903 461 1956 abc
475 1903 603 1972 l'sctaslgo
614 1906 880 1958 unteLachmannum
960 1929 1045 1960 naum
1071 1905 1160 1957 codices
1173 1907 1255 1971 reteri,
1269 1907 1371 1958 Vossius

214 1977 241 2029 in
253 1995 342 2028 eornm.
356 1977 431 2028 Conr.
442 1975 472 2027 de
485 1975 554 2028 Allio
566 1977 746 2028 Lachmannus
759 1977 854 2045 Haupt.
867 1977 939 2043 Heys.
952 1976 1040 2028 Rossb.
1053 1975 1172 2029 Schauab.
1187 1977 1322 2046 Westphal.

251 2049 277 2099 6.
313 2049 374 2098 Post
390 2045 574 2100 ambulatione
588 2049 743 2117 interpungit
756 2046 922 2116 Westpbalius
940 2066 970 2099 ne
986 2047 1080 2100 solutus
1100 2066 1185 2100 uersus
1203 2066 1221 2100 a
1239 2059 1372 2100 contracto

214 2119 372 2186 seiungam,
384 2117 419 2182 cf.
432 2136 457 2171 u.
469 2134 509 2182 15.

252 2203 277 2252 7.
317 2187 482 2241 Femelasll
549 2188 645 2256 prendi
657 2188 694 2241 Oc
765 2187 912 2256 perdidiD
983 2195 1111 2258 jucluuuls
1127 2199 1183 2240 cett.

253 2263 277 2312 8.
314 2259 395 2312 uideo
407 2260 559 2312 Parthenien
572 2259 688 2312 Handius
701 2260 805 2328 Quaest.
818 2259 911 2312 Catull.
924 2263 1000 2323 1848,
1013 2270 1043 2327 p.
1056 2276 1084 2310 11
1100 2259 1165 2310 Mein
1178 2258 1273 2328 probat
1286 2260 1371 2312 West-

209 2329 313 2398 pbols'us
392 2337 482 2382 tuma
554 2355 647 2388 unam
662 2329 921 2384 BCGHLa¹LalOV
994 2344 1104 2382 serenas
1118 2331 1197 2383 ADL
1268 2345 1371 2382 sereno

215 2399 448 2470 rthhs'lls'ppenss's
519 2417 628 2454 seueras
639 2421 666 2454 a.

252 2489 277 2536 9.
322 2479 391 2528 incl
408 2487 433 2527 tr
451 2471 626 2526 ACGLla²O
682 2471 726 2523 Ah
739 2471 783 2524 uel
795 2479 823 2524 te
836 2474 854 2525 h
867 2473 973 2525 Lachne¹
985 2471 1073 2524 Rossb.
1084 2472 1192 2540 Wsnih.
1246 2471 1371 2525 Auelite

216 2538 319 2595 BHLal
333 2542 506 2612 Philliaprnsis
577 2542 620 2595 Ah
634 2543 725 2596 uellite
738 2544 767 2594 D
838 2542 881 2596 nh
895 2550 924 2594 ut
937 2549 965 2594 te
978 2561 995 2594 a
1076 2543 1146 2594 Aule
1157 2551 1187 2595 te
1200 2542 1227 2594 V
1302 2543 1370 2594 Auli

215 2614 280 2667 teC
367 2613 455 2667 Auelli
468 2614 547 2666 sinite
561 2615 689 2667 Auants'su
801 2614 844 2666 Sic
857 2613 971 2666 auellitis
983 2611 1115 2665 Palladius
1215 2613 1274 2666 Has
1286 2619 1315 2666 te
1327 2613 1371 2666 sic

216 2688 308 2736 tamen
322 2685 399 2753 Bapt.
413 2685 542 2738 Guarinus
650 2685 709 2736 Has
721 2689 750 2736 te
762 2683 802 2736 sic
813 2691 919 2737 tantum
933 2685 1050 2736 Muretus
1158 2683 1217 2736 Has
1230 2683 1272 2736 uel
1285 2689 1314 2736 te
1327 2684 1372 2737 sic

215 2753 329 2824 Scaliger
340 2773 413 2807 uersu
424 2774 480 2808 eum
487 2756 649 2825 praecedente
660 2757 786 2808 coniuncto
840 2755 900 2807 Has
913 2762 943 2807 ut
955 2761 984 2806 te
996 2755 1035 2806 sic
1045 2753 1212 2807 Froehlichius
1266 2754 1372 2806 Aulum

215 2825 317 2909 Hessius
406 2826 702 2880 AullistisDoederlinus
791 2827 884 2879 Auens
895 2832 924 2878 ie
937 2823 1087 2878 Schwabius
1177 2825 1373 2894 Auellentspse

215 2915 312 2950 consecr.

254 2985 294 3020 ιο.
330 2986 379 3020 ons.
391 2987 418 3020 a.

253 3041 348 3090 11-16.
384 3057 432 3092 om.
445 3039 471 3091 h.
747 3091 749 3096 .

217 3109 557 3233 suauitati.
570 3108 1080 3233 „iu¹¹‘¹u¹.;'..t‘.·....2i¹t⁶l.¹2.t..
1093 3115 1202 3231 ..ill
1218 3109 1370 3231 llll?

214 3249 327 3302 cludens
341 3251 375 3304 A.
388 3251 484 3303 Riesius
496 3253 523 3304 in
536 3253 611 3304 Iahn.
625 3251 693 3304 Ana.
706 3254 783 3316 1865,
787 3263 819 3372 ἔ
834 3268 883 3316 293
992 3250 1107 3303 nitidum
1125 3198 1214 3302 sinum
1232 3250 1372 3303 reducens

217 3319 278 3374 ΑΜ.
291 3322 313 3373 1.
327 3322 398 3374 Mur.
411 3323 477 3374 Stat.
547 3322 597 3375 tibi
612 3321 743 3374 nudulum
756 3337 786 3375 re
805 3337 856 3374 uce
869 3322 1021 3374 Parthenius
1034 3323 1163 3375 Guarinus
1234 3327 1264 3372 tu
1277 3319 1370 3372 nudu—

215 3391 271 3444 lum
289 3391 390 3444 reduce
408 3392 524 3444 Honds'us
611 3392 696 3445 reduc
708 3393 828 3460 puellum
846 3391 996 3446 Schwahr'su
1075 3394 1130 3460 Ipse
1144 3393 1233 3444 conari
1251 3391 1370 3445 reducta

215 3467 319 3530 pectus.

254 3550 296 3586 12.
333 3533 375 3585 En
388 3531 478 3586 la²ah
552 3529 745 3590 rnuaatou
819 3533 895 3586 Hem
908 3534 962 3586 DG
1044 3533 1081 3586 Et
1094 3534 1191 3586 ACHL
1262 3532 1370 3586 hicDa

215 3611 263 3662 lua·
280 3613 336 3657 cett.
407 3604 468 3658 heic
481 3603 630 3656 Schwohs'us
644 3604 810 3673 ll'estphalius
881 3605 908 3656 in
921 3604 1057 3656 uirosisD
1128 3604 1155 3656 in
1168 3604 1309 3656 rostrisH.

255 3691 295 3739 13.
330 3690 391 3727 sere
409 3695 426 3727 a
524 3674 601 3727 labor
615 3675 643 3727 D
742 3674 848 3726 labores
865 3693 878 3726 c
896 3677 975 3727 nescio
992 3694 1027 3727 an
1046 3685 1111 3727 recte
1127 3675 1161 3740 cf.
1180 3694 1278 3727 uersum
1297 3675 1371 3727 Senti

216 3746 344 3814 Augurini
363 3744 564 3798 Catullianorum
585 3747 727 3798 carminum
748 3747 886 3798 imitatoris
905 3746 975 3814 apud
994 3745 1105 3798 Plinium
1123 3747 1206 3815 Epist.
1221 3747 1265 3797 IV.
1284 3760 1325 3808 27.
1339 3765 1369 3810 4,

214 3816 309 3868 ‘Vnus
328 3815 429 3868 Plinius
447 3823 488 3868 est
507 3815 572 3868 mihi
591 3817 713 3883 priores!
749 3819 811 3867 Post
831 3817 895 3868 hunc
916 3835 941 3869 u.
962 3816 1126 3885 Westphalius
1147 3817 1266 3868 excidisse
1285 3827 1370 3868 censet

215 3905 315 3939 uersum
328 3887 467 3940 huiusmodi
479 3886 539 3939 Nec
552 3894 580 3939 te
592 3886 727 3954 prendere
740 3903 813 3940 nunc
825 3887 912 3939 amice
924 3887 1034 3954 possim.

253 3975 294 4022 14.
329 3964 377 4009 ten
390 3959 506 4010 Muretus
520 3957 639 4010 Schwab.
710 3958 799 4010 amico
811 3957 926 4010 Handius
939 3959 1012 4025 Heys.

253 4035 358 4081 12-102.
394 4028 446 4080 Hos
463 4047 547 4081 uersus
560 4030 601 4096 qui
618 4030 645 4081 in
659 4027 759 4096 reliquis
775 4029 895 4080 codicibus
904 4039 963 4098 post
975 4030 1072 4082 LVIII.
1087 4045 1111 4094 5,
1123 4031 1149 4081 in
1162 4028 1299 4080 Dresdensi
1305 4039 1370 4096 post

213 4118 235 4152 c.
249 4099 312 4151 LVI
320 4101 485 4168 reornantur,
499 4099 664 4152 Froehlichius
679 4110 704 4151 et
716 4099 865 4152 Schwabius
877 4101 925 4151 huc
937 4109 1094 4152 reuocarunt.
1132 4099 1252 4151 Wdentur
1259 4109 1371 4168 propter·

209 4171 368 4238 geminatum
380 4170 467 4222 amice
479 4172 564 4222 omissi
567 4171 659 4236 fuisse,
671 4189 746 4238 quum
759 4169 861 4222 librarii
872 4169 935 4222 oculi
946 4169 980 4222 ab
991 4169 1071 4223 altero
1083 4171 1120 4222 od
1131 4170 1240 4222 alterum
1255 4169 1367 4221 aberra-

213 4249 278 4293 rent.
314 4242 372 4292 lom
384 4252 444 4293 ante
447 4241 553 4310 finitum
564 4241 690 4294 succuum
702 4242 760 4292 XV
764 4241 845 4292 editor
855 4243 1007 4294 Porisiensis
1018 4252 1076 4310 post
1088 4259 1112 4294 u.
1123 4258 1153 4305 13
1161 4251 1290 4314 posuerat,
1302 4243 1372 4308 quod

213 4311 279 4363 idem
289 4311 408 4376 sternent
423 4312 538 4364 Handius
553 4313 733 4364 Lachmannus
746 4313 789 4363 lla
822 4314 870 4364 tius
882 4311 1058 4378 Rossbachius,
1072 4314 1143 4381 sigrw
1160 4313 1367 4380 interrogationis

209 4391 268 4450 post
284 4381 372 4434 amice
385 4385 475 4450 posito.
512 4378 580 4434 idem
590 4384 658 4449 fecit
675 4383 792 4451 Wsrpha
802 4384 841 4434 ius
856 4382 901 4434 sed
917 4393 945 4434 ut
960 4393 1020 4435 ante
1039 4390 1068 4434 1⁸
1082 4393 1164 4435 staret
1180 4400 1265 4434 sursus
1279 4383 1368 4448 quiex

213 4451 333 4504 codicibus
341 4455 427 4521 periit.
463 4455 540 4522 Bapt.
552 4464 576 4505 et
590 4454 665 4506 Alex.
676 4455 793 4518 Guarini,
804 4455 842 4506 ed.
854 4454 1000 4522 Gryphiana
1012 4473 1038 4506 a.
1050 4471 1125 4518 1542,
1139 4455 1254 4505 Muretus
1267 4453 1367 4505 Statius

211 4535 266 4592 post
286 4543 310 4576 u.
328 4541 367 4589 η,
381 4535 439 4592 post
460 4543 483 4577 u.
499 4541 529 4575 22
551 4523 701 4577 collocarunt
721 4523 782 4577 Ald.
800 4527 821 4577 l.
840 4524 953 4593 Scaliger
973 4526 1069 4577 Vossius
1091 4524 1190 4577 tutatus
1212 4526 1365 4593 Doeringius
