3118 5054
576 444 936 506 PROLEGOMENA.
1313 467 1330 504 v

181 629 340 697 uidentur&
376 640 405 688 et
436 630 477 688 sic
508 629 537 688 in
567 629 671 689 Catulli
703 631 806 691 codi'ee
836 631 914 690 unde
942 632 1033 691 nostri
1061 633 1115 690 orti
1144 641 1211 690 sunt
1240 632 1331 708 scrip·

183 740 244 786 turn
266 728 390 787 fortasse
411 728 502 788 iuerat
521 728 642 800 Castus,
663 729 720 786 κα)
738 749 815 802 uera,
835 749 910 808 quae
931 731 1042 790 scribae
1064 749 1168 807 parum
1186 731 1331 790 intellecta

185 825 333 885 Caslorrcm
354 846 450 884 uerum
471 845 540 885 uera
559 829 737 904 interpretati
758 839 833 887 sunt.
874 827 1010 888 Fortasse
1030 830 1118 888 etiam
1138 829 1197 888 huc
1218 839 1331 906 spectat

181 926 290 983 amissa
310 925 396 983 toties
417 925 447 982 in
468 927 564 984 uerbis
587 935 597 983 t
619 925 721 984 finalis.
764 927 865 999 Quum
890 929 969 987 enIm
991 927 1214 1003 LangobardIce
1237 945 1331 1004 aper

182 1044 220 1084 oc
241 1026 390 1095 scribatur,
410 1036 422 1083 t
442 1036 540 1084 autem
561 1044 614 1102 per
635 1044 661 1097 a,
679 1026 704 1084 si
724 1028 881 1098 conjuncte
901 1028 1067 1104 legerentur
1084 1038 1116 1086 ut
1135 1029 1165 1085 iu
1183 1027 1330 1086 uocabulo

173 1127 303 1199 pruriat,
325 1123 408 1182 facile
431 1135 543 1200 poterat
568 1125 668 1184 ultInra
689 1143 707 1183 a
729 1125 871 1196 excidere,
895 1125 1024 1186 confusis
1048 1128 1089 1184 ob
1113 1127 1330 1186 similitudinem

180 1222 276 1281 literis.
320 1221 509 1297 Quamquam
527 1222 597 1281 illud
615 1241 677 1280 non
696 1222 753 1281 huc
770 1224 902 1300 quadrat,
916 1225 999 1300 quod
1015 1225 1046 1281 in
1061 1223 1166 1284 Catulli
1180 1224 1330 1283 codicibus

180 1331 230 1379 aut
257 1339 325 1379 raro
351 1329 402 1380 aut
429 1338 582 1396 nunquam
604 1331 615 1378 t
639 1322 669 1378 in
693 1339 712 1380 a
735 1332 870 1398 corrupta
897 1332 951 1380 est.
1006 1321 1071 1381 Nec
1099 1321 1330 1398 Langobardicis

179 1419 268 1477 literis
289 1430 456 1495 congruunt
476 1419 616 1478 confusae
637 1419 723 1480 toties
744 1439 770 1491 a,
785 1439 818 1491 e;
844 1438 870 1491 a,
885 1439 921 1492 u;
947 1439 973 1492 a,
988 1421 1025 1492 it;
1051 1415 1122 1498 t,'p;
1147 1440 1176 1498 p,
1192 1440 1221 1492 r;
1248 1439 1276 1497 p,
1291 1439 1328 1490 n;

179 1535 255 1592 quae
280 1518 380 1576 omnia
405 1516 626 1594 Merouingicae
654 1518 752 1595 potius
775 1520 934 1595 scripturae
962 1520 1139 1596 assignanda
1165 1520 1272 1590 iudic0,
1297 1532 1328 1578 ut

179 1634 215 1674 err
240 1615 346 1674 tabulis
371 1617 522 1691 apparebit
545 1634 620 1692 quas
644 1617 674 1674 in
702 1617 780 1675 libris
808 1618 868 1676 sans
896 1617 1088 1676 exhibuerunt
1116 1617 1275 1677 Bastardus
1299 1627 1328 1675 et

180 1712 328 1772 Siluester.
369 1712 460 1784 Quod
481 1713 549 1772 dedi
570 1715 720 1792 specimen
741 1733 778 1773 ex
799 1713 930 1774 Bastardi
951 1717 1092 1776 leonibus
1113 1717 1232 1794 sumpsi
1274 1716 1328 1775 Est

178 1823 276 1870 autem
295 1830 373 1870 saec.
386 1811 473 1870 VIII.

385 1995 446 2054 Hic
571 1993 768 2076 βακε

569 2120 766 2206 88²²

606 2244 763 2332 ατε

220 3050 305 3111 Haec
326 3052 412 3111 ualde
434 3051 472 3112 ad
491 3052 671 3128 propositam
691 3051 836 3129 pertinere
853 3053 891 3111 de
910 3053 1012 3113 codice
1030 3055 1231 3129 quaestionem
1248 3055 1326 3115 unde

175 3151 268 3208 nostri
290 3150 370 3209 ducti
394 3163 462 3210 sunt
486 3151 557 3210 nulli
579 3152 669 3210 credo
694 3169 759 3209 esse
784 3150 912 3209 dubium
966 3151 1013 3211 Sic
1036 3153 1115 3210 enirn
1138 3154 1328 3231 explicabitur

175 3248 200 3307 P
223 3267 291 3306 cum
314 3247 343 3306 T
367 3258 538 3326 permutata,
561 3270 575 3307 e
597 3267 664 3308 cum
687 3268 714 3320 a,
733 3267 772 3316 o,·
804 3269 823 3306 a
844 3268 913 3308 cum
934 3269 955 3321 e,
975 3269 998 3320 0,
1017 3269 1044 3322 u,
1064 3270 1117 3320 co,·
1153 3253 1178 3311 il
1203 3271 1271 3310 cum
1299 3273 1326 3324 a,

175 3361 214 3424 la,
229 3365 260 3412 ut
274 3355 304 3411 in
314 3335 434 3428 prosi'lta
446 3351 499 3432 (D)
516 3378 548 3407 =
569 3343 749 3430 imma}
783 3345 828 3432 I,
849 3375 916 3416 cum
930 3358 959 3415 b.
1001 3357 1186 3417 Froehnerus
1197 3360 1327 3438 quidem,

176 3471 266 3529 quem
288 3452 409 3512 honoris
428 3471 519 3512 causa
539 3452 670 3526 nomino,
689 3455 778 3514 literis
798 3455 1066 3531 Angla-Saxomcis
1089 3458 1138 3516 uel
1160 3457 1326 3518 Hibernicis

176 3551 317 3628 scripturn
338 3551 472 3610 codicem
493 3550 627 3627 opinatus
648 3563 708 3624 est3
734 3571 810 3629 quae
831 3553 974 3611 sententia
995 3564 1023 3612 et
1043 3554 1107 3631 ipsa
1128 3555 1218 3614 multa
1238 3555 1327 3616 habet

175 3650 255 3708 unde
279 3649 508 3720 commendetur,
530 3649 654 3724 primurn
676 3651 891 3710 similitudinem
912 3651 1065 3724 literarum,
1082 3652 1161 3732 (uide
1183 3652 1326 3714 Siluestris

175 3747 387 3824 Padaeograph.
398 3746 534 3806 Uniuers.
547 3747 614 3807 Part
625 3746 685 3828 III)
696 3750 802 3809 deiude
816 3751 913 3810 literae
924 3751 1045 3810 Latinae
1057 3751 1196 3812 Hibernis
1211 3772 1228 3812 a
1243 3765 1326 3814 sexto

174 3865 270 3922 usque
284 3858 351 3923 post
366 3845 514 3904 Christum
531 3847 649 3907 saeculo
667 3859 755 3907 notae
772 3848 973 3926 lectitataeque
988 3861 1072 3909 sunt:
1095 3863 1245 3928 postremo
1259 3864 1326 3930 apte

175 3945 213 4004 de
227 3945 378 4003 Britannia
397 3945 445 4004 uel
465 3943 608 4004 Hibemia
623 3947 749 4006 dicturus
766 3959 826 4006 erat
846 3949 968 4025 scriptor
981 3948 1206 4026 Epigrammatis
1221 3951 1326 4012 Catulli

174 4043 326 4102 codicibus
351 4043 471 4119 praefixi
497 4044 569 4102 ‘Ad
592 4043 724 4120 patriam'
739 4047 827 4105 uenIo
850 4047 940 4123 longis
961 4048 993 4106 de
1008 4048 1118 4124 finibus
1138 4050 1223 4110 exul!
1267 4051 1327 4111 Sed

173 4154 275 4201 tamen
295 4142 378 4218 plura
398 4159 467 4200 meo
489 4142 595 4202 iudicio
615 4154 682 4202 sunt
699 4162 774 4219 quae
794 4144 1013 4222 MerouIngicae
1035 4147 1193 4223 scripturae
1212 4151 1326 4226 possint

173 4258 265 4316 quarn
289 4259 364 4318 quae
391 4239 543 4299 Saxonum
567 4241 615 4300 uei
639 4241 839 4302 Hibemorum
864 4245 955 4303 tribui.
998 4245 1037 4304 Et
1061 4264 1207 4322 nusquam
1231 4251 1326 4326 magis

173 4357 264 4415 quam
278 4339 308 4396 in
324 4337 418 4398 Gallia
432 4337 637 4398 Romanorum
656 4352 723 4417 post
738 4353 872 4416 quartum
892 4343 1041 4402 saeculum
1059 4345 1203 4406 florebant
1219 4347 1325 4408 literae.

173 4437 270 4496 Gallia
290 4437 394 4496 saltem
415 4438 555 4514 scriptum
576 4438 664 4498 fuisse
687 4439 881 4498 Thuanaeum
903 4443 1035 4502 codicem
1059 4445 1127 4502 inde
1150 4444 1211 4502 ueri
1234 4445 1326 4504 simile

173 4545 217 4594 est
231 4536 313 4612 quod
332 4535 403 4594 alter
422 4537 517 4596 codex
532 4555 620 4614 quem
641 4538 744 4597 eadem
764 4538 900 4598 habuisse
918 4559 993 4617 quae
1008 4542 1187 4601 Thuanaeus
1201 4544 1326 4604 coniecit
