3136 5060
645 429 867 491 EXCVRSVS.
1262 432 1321 487 ³4⁷

183 613 322 676 Martialis
336 614 391 675 111.
404 617 449 690 65.
462 636 480 692 9
503 614 566 673 Hoc
578 621 636 686 tae,
648 633 729 674 saeue
735 627 809 692 puer
822 613 1002 681 Dendumem,
1017 614 1095 674 baren
1109 614 1261 691 fraglant
1280 616 1322 675 sic

586 713 765 773 Thuanaeus
779 724 808 772 et
823 712 1027 773 Schneideuini
1040 711 1108 773 AB.

408 817 455 887 58.
467 826 483 887 7
505 810 549 872 Et
560 813 648 872 multa
662 812 788 889 fraglat
801 819 869 871 testa
881 812 990 872 senibus
1003 814 1158 870 autumnis
1227 813 1269 872 sic
1282 809 1323 883 A,

585 911 695 987 flagat
708 910 733 982 b,
754 910 880 987 flagrat
893 909 958 969 XB
971 911 1093 990 pliuimi

368 1009 390 1069 Ι.
405 1012 480 1085 87.1
505 1009 520 1067 f
522 1009 635 1085 ragles
649 1008 800 1067 Fesceemen
815 1012 880 1067 urire
1067 1009 1108 1068 sic
1123 1008 1239 1068 Thuan.
1253 1006 1323 1066 AB.

588 1107 702 1183 frages
718 1107 871 1167 Gudianus
892 1125 967 1166 saec.
982 1106 1051 1165 XII.

460 1235 465 1245 ·
586 1205 716 1282 flagres
730 1206 859 1283 plerique
874 1207 981 1284 reliqui.

354 1305 390 1364 V.
407 1319 453 1382 37.
465 1324 484 1380 9
505 1304 682 1380 Fraglauit
696 1324 743 1362 ore
755 1306 829 1381 quod
838 1307 982 1364 rorantem
994 1304 1097 1362 Paesti
1196 1303 1238 1362 sic
1251 1300 1324 1372 XB,

586 1402 751 1480 flagrauit
765 1403 944 1462 Thuanaeus
958 1402 1056 1474 etalii,
1078 1401 1241 1478 flaglauit
1254 1400 1293 1460 A.

337 1499 389 1560 VI.
406 1515 484 1578 55.3
505 1500 648 1577 Fraglas
661 1501 790 1577 plumbea
803 1499 985 1560 Nicerotiana
1085 1501 1126 1560 sic
1140 1499 1240 1570 XAC,
1262 1498 1326 1558 fla·

588 1617 666 1674 gras
680 1617 798 1658 nouem.

337 1695 389 1755 XL
405 1698 432 1756 8.
448 1715 482 1754 12
505 1695 568 1754 Hoc
583 1695 733 1772 fraglaut
745 1698 833 1772 pueri
843 1695 920 1754 basta
935 1715 1013 1754 mane
1027 1697 1081 1753 mei
1177 1697 1219 1755 sic
1233 1693 1327 1755 XAC
1349 1742 1355 1753 .

581 1807 630 1872 pr.
648 1793 678 1867 V,
699 1794 851 1872 flagrant
865 1794 1044 1854 Tiruanaeus
1058 1803 1087 1853 et
1101 1811 1152 1852 sex
1167 1793 1222 1851 alii.

322 1892 390 1952 v11.
405 1897 452 1968 87.
465 1913 482 1969 3
504 1896 533 1952 si
544 1893 670 1970 flagrat
683 1913 775 1952 amere
787 1893 899 1952 catellae
948 1893 989 1952 sic
1003 1891 1126 1969 plurimi,
1141 1891 1269 1968 fraglat
1282 1889 1326 1964 X,

587 1993 701 2070 fragat
719 2011 761 2069 pr.
776 1992 815 2051 Α.

365 2093 411 2150 26.
428 2104 454 2164 7,
467 2093 484 2148 8
506 2109 600 2150 amere
613 2110 754 2168 nugarum
768 2089 906 2166 Flagret
987 2088 1114 2166 fraglet
1126 2086 1198 2148 XA.

411 2191 488 2263 ηδ
510 2188 651 2266 Flagret
663 2196 690 2248 et
701 2187 884 2266 exceiosesta
897 2189 990 2246 cultius
1004 2189 1069 2265 elego
1114 2186 1239 2264 fraglet
1252 2185 1325 2246 XA.

322 2286 391 2346 XII.
407 2303 454 2362 5²·
467 2307 485 2359 4
507 2287 633 2364 flagrat
645 2305 739 2346 amore
752 2289 822 2346 celtu
903 2286 1030 2362 fraglat
1044 2283 1116 2344 XA.

354 2385 391 2444 Χ.
407 2387 454 2444 86.
468 2406 482 2444 a
506 2384 685 2462 Flagrauit
698 2392 800 2462 quanto
813 2383 934 2443 Lnurus
948 2402 1041 2444 amore
1047 2385 1124 2459 pilae
1169 2383 1210 2442 sic
1226 2381 1327 2442 Thus·

588 2501 688 2555 naeus,
709 2482 875 2560 fraglauit
888 2481 960 2542 ΧΑ.

222 2685 311 2762 Apud
325 2685 482 2761 Apuleium
496 2685 774 2764 fraglantissimo
788 2705 881 2746 amore
894 2685 966 2746 Met.
981 2685 1034 2744 IV.
1047 2702 1094 2760 gr,
1116 2683 1328 2759 flagrantiae

181 2785 249 2842 soles
270 2785 318 2854 ib.
337 2785 458 2843 inueniam
467 2785 539 2864 selle
560 2785 752 2862 fraglantes
765 2787 803 2846 V.
819 2806 847 2861 9,
868 2786 993 2862 cupidine
1014 2783 1170 2860 fraglans
1191 2782 1329 2858 cupidinis

181 2882 219 2942 V.
236 2901 282 2957 23,
304 2881 459 2959 flagrans
473 2884 597 2943 baleam
618 2883 706 2943 Venus
719 2885 772 2944 Vl.
788 2905 833 2956 11,
854 2885 885 2944 de
905 2885 971 2943 solis
992 2883 1182 2959 fraglantia
1203 2887 1329 2940 mutuata

180 2982 295 3039 colorem
314 2980 368 3040 VI.
386 3001 421 3040 ra
445 2982 539 3042 codex
564 2983 774 3042 Laurentianus
798 2983 939 3043 LXVIII.
958 3003 973 3042 a
996 3001 1014 3041 a
1035 2981 1133 3041 Keilio
1154 2979 1276 3041 collatus
1297 2980 1328 3038 in

182 3079 220 3140 Ο.
232 3079 317 3139 Iahni
331 3080 377 3138 ed.
392 3078 546 3157 Cupidinis
560 3091 589 3139 et
604 3081 737 3158 Psyches

222 3178 338 3237 Incerta
351 3197 397 3238 res
414 3191 458 3238 est
475 3181 553 3256 apud
568 3179 751 3252 Ciceronem,
766 3181 816 3257 qui
834 3198 889 3257 pro
906 3179 1025 3238 redolere
1043 3194 1194 3255 nunquam
1212 3176 1327 3236 uidetur

181 3291 337 3351 usurpasse
350 3277 535 3338 uocabulum.
577 3276 740 3354 Flagrare
759 3289 858 3337 tamen
877 3277 1047 3354 plerumque
1066 3276 1096 3333 in
1115 3273 1186 3332 locis
1204 3273 1327 3349 repperi,

181 3375 231 3434 ubi
263 3375 440 3451 optimorum
476 3375 611 3435 codicum
645 3377 817 3453 scriptiuam
851 3393 1033 3452 cognoscere
1066 3373 1153 3443 licuit,
1181 3370 1328 3429 interdum

182 3470 316 3549 flagare
335 3483 367 3531 ut
386 3472 529 3532 Paradox.
545 3472 596 3533 lV.
612 3477 647 3533 18
662 3475 712 3533 ubi
729 3473 867 3534 Orelliani
881 3473 943 3532 AB
955 3472 1064 3533 habent
1078 3470 1266 3546 dellagare‚
1280 3468 1328 3529 De

182 3570 307 3631 Oratore
321 3570 345 3630 I.
360 3590 395 3643 14
410 3572 460 3630 ubi
475 3569 588 3632 Canon.
605 3587 661 3648 252
678 3572 923 3648 flagauerunt:
944 3581 973 3632 et
994 3572 1035 3631 sic
1051 3569 1223 3630 Ciceronem
1243 3567 1327 3646 peri,

182 3687 244 3729 non
258 3688 309 3746 per
323 3689 344 3740 r,
360 3670 509 3747 scripsisse
523 3671 697 3731 confirmant
716 3673 900 3732 assonantiae
915 3670 1007 3748 qualis
1026 3678 1070 3728 est
1088 3667 1136 3728 illa
1153 3667 1183 3726 in
1197 3665 1328 3726 Verrinis

183 3766 222 3826 Il.
238 3787 265 3840 4.
278 3780 314 3841 71
334 3765 474 3826 Conueieia
486 3771 593 3844 stupris
606 3769 754 3827 domesticis
760 3769 936 3846 flagitiisque
950 3767 1157 3845 flagrabunt.

223 3863 320 3924 Venio
333 3865 372 3924 ad
385 3867 600 3941 grammaticos.
642 3865 757 3925 Nonius
773 3868 832 3940 438
846 3864 1008 3942 Flagrare
1027 3870 1053 3922 et
1069 3865 1205 3941 egnescere
1219 3863 1258 3919 eia
1272 3861 1329 3918 dis·

182 3965 307 4021 canetur
328 3964 401 4039 quod
421 3965 554 4040 ignescere
576 3964 685 4022 incendi
705 3970 731 4022 et
752 3965 860 4036 ardere,
882 3963 1031 4040 flagrare
1052 3981 1118 4021 nero
1137 3964 1226 4021 olere:
1253 3966 1279 4018 et
1298 3961 1330 4017 in

178 4061 312 4136 plunimi
340 4063 481 4120 eleuene‘tur
507 4063 561 4120 ista
588 4064 721 4120 discretio.
775 4061 859 4134 Quae
888 4063 978 4122 uerba
1005 4063 1060 4121 nisi
1088 4069 1223 4137 corrupta
1250 4069 1327 4128 sunt,

185 4157 300 4218 Nonius
320 4159 394 4218 inter
412 4159 559 4236 flagrare
578 4169 607 4218 et
627 4161 783 4236 fragrare
802 4178 865 4220 non
885 4161 982 4237 posuit
1003 4160 1166 4220 discrimen.
1209 4156 1329 4217 Seruius

185 4275 260 4334 quae
275 4257 311 4316 de
327 4257 428 4316 haere
443 4259 510 4318 dicit
523 4258 595 4318 haec
610 4259 728 4318 suntad
743 4260 817 4317 Aen.
832 4259 854 4318 1.
872 4261 929 4334 436
946 4258 1156 4335 Fragrautia.
1201 4256 1330 4329 Quote'em

184 4355 350 4414 e'ercendinner
363 4357 541 4433 significatur
554 4358 628 4433 quod
636 4357 715 4433 flatu
733 4359 822 4416 aletur
834 4368 888 4433 per
902 4357 1051 4427 lde'ce'enus
1066 4357 1185 4433 quote'ens
1203 4357 1269 4413 odor
1282 4358 1334 4431 qui

175 4454 279 4532 fracta
293 4457 416 4531 speciest)
432 4457 522 4515 moror
535 4463 575 4515 est
580 4465 633 4532 per
646 4476 664 4513 r
678 4457 801 4515 detentus
844 4456 956 4516 Probus
978 4457 1008 4514 in
1022 4456 1193 4532 Appendice
1215 4474 1244 4532 p.
1262 4473 1329 4514 nor.

727 4584 815 4652 YY2
