3032 5056
700 391 919 456 caTvLLl

757 686 865 752 XCII.

324 837 443 902 Lesura
466 838 513 902 mi
535 837 619 902 dicit
640 857 767 924 semper
788 839 873 902 male
895 859 955 904 nec
976 848 1064 902 tacet
1087 858 1226 923 uuquam

273 1055 336 1110 Aul.
352 1056 456 1110 Gellius
471 1056 713 1110 N.n.v1.1⁶.2.
749 1057 821 1110 Cum
839 1065 911 1110 esset
929 1056 1046 1110 uerbum
1064 1056 1198 1126 deprecor
1215 1056 1389 1110 doctiuscule

237 1129 357 1196 positum
376 1129 403 1180 in
422 1129 521 1181 Catulli
540 1129 670 1195 camline,
688 1129 753 1197 qula
774 1128 802 1180 id
826 1128 977 1196 ignorabat,
999 1127 1184 1196 frigidissimos
1208 1144 1305 1181 uersus
1329 1143 1390 1182 esse

238 1198 357 1262 dicebat,
372 1199 494 1252 omnimn
513 1199 624 1269 quidem
644 1199 744 1252 iudicio
761 1201 973 1265 uenustissimus,
989 1215 1059 1268 quos
1076 1199 1229 1268 subscripsi.
1266 1199 1391 1251 ‘Lesbia

237 1269 297 1322 ‘mi
314 1268 380 1322 dicit
394 1309 402 1323 .
415 1310 423 1323 .
436 1309 443 1322 .
456 1270 506 1322 nisi
525 1271 605 1323 amo!
643 1269 788 1338 Deprecor
800 1271 853 1324 boc
865 1271 893 1322 in
907 1271 970 1322 loco
985 1271 1028 1322 uir
1044 1271 1131 1324 bonus
1149 1271 1186 1322 ita
1204 1285 1265 1322 ease
1282 1268 1390 1322 dictum

238 1339 351 1410 putabat
368 1347 398 1394 ut
415 1341 576 1410 plerumque
588 1357 605 1394 a
616 1342 698 1408 uulgo
710 1341 818 1406 dicitur,
830 1341 905 1410 quod
922 1342 1054 1408 significat
1072 1340 1151 1394 ualde
1170 1357 1270 1408 precor
1288 1349 1318 1394 et
1337 1356 1391 1394 ono

236 1419 267 1466 et
290 1411 412 1479 supplico
436 1412 462 1465 in
484 1412 596 1480 quode
620 1413 786 1480 praepositio
806 1412 840 1466 ad
862 1413 1015 1479 augendum
1038 1419 1067 1465 et
1088 1411 1283 1466 cumulandum
1304 1411 1390 1464 ualet.

238 1482 323 1554 Qod
341 1484 362 1536 si
382 1484 419 1535 ita
437 1491 518 1546 esset,
531 1482 621 1550 frigidi
638 1499 704 1536 sane
722 1499 818 1536 uernis
835 1483 936 1537 forent.
972 1483 1053 1536 Nunc
1069 1485 1143 1536 enim
1160 1489 1257 1536 contra
1273 1483 1390 1535 omnino

237 1563 295 1618 est;
319 1569 383 1606 nam
407 1554 443 1607 de
486 1555 633 1622 raepositio
655 1555 785 1623 quoniam
809 1563 851 1608 ast
875 1569 975 1622 anceps
999 1555 1025 1607 ln
1048 1571 1104 1606 uno
1124 1554 1278 1622 eodemque
1299 1553 1390 1605 uerbo

237 1623 389 1694 d(nplicem
406 1570 530 1693 sensgum
547 1627 630 1693 capit.
666 1627 710 1678 Sic
728 1627 802 1678 enim
820 1625 955 1692 deprecor
971 1641 987 1678 a
1005 1625 1113 1678 Catullo
1129 1625 1232 1677 dictum
1248 1631 1292 1676 est
1309 1623 1388 1692 quasi

237 1696 362 1750 detaewr
379 1695 423 1749 uel
441 1711 559 1749 execror
577 1696 620 1749 uel
639 1695 747 1764 depello
764 1697 808 1750 uel
827 1696 985 1760 abominor3
1004 1703 1101 1750 contra
1119 1701 1211 1748 autem
1228 1695 1305 1748 ualet
1322 1709 1388 1748 curn

238 1767 339 1820 Cicero
356 1783 408 1836 pro
421 1767 452 1820 Ρ.
466 1766 538 1820 Sulla
554 1769 592 1820 ita
607 1767 674 1820 dicit
686 1770 694 1796 ⁴
704 1784 787 1836 quam
802 1768 950 1820 multorum
965 1767 1009 1820 bic
1022 1767 1107 1819 uitam
1119 1775 1161 1820 est
1173 1783 1188 1818 a
1202 1767 1274 1818 Sulla
1285 1765 1389 1832 depre-

237 1839 246 1868 ‘
258 1845 344 1892 catus.
359 1878 366 1892 .
379 1877 387 1891 .
400 1839 417 1892 .'
454 1837 508 1890 Sed
523 1854 613 1906 neque
630 1839 704 1890 solus
717 1839 839 1891 Catullus
852 1839 890 1890 ita
902 1839 955 1891 isto
966 1838 1053 1890 uerbo
1065 1853 1129 1890 usus
1143 1843 1193 1891 est.
1230 1837 1309 1890 Pleni
1322 1841 1387 1888 sum

236 1909 308 1962 adeo
325 1909 385 1962 libri
402 1909 495 1962 slmilis
512 1909 538 1962 in
555 1909 608 1962 boc
625 1909 712 1962 uerbo
727 1909 944 1976 significationis;
962 1925 997 1961 ex
1009 1909 1108 1977 quibus
1122 1924 1206 1961 unum
1223 1915 1252 1962 et
1268 1907 1388 1960 alterum

237 1995 308 2048 quae
320 1979 508 2104 sgpfflemt
522 1981 643 2049 apposui.
679 1980 834 2050 QEnnius
850 1981 877 2033 ln
895 1980 1034 2033 Erectheo
1050 1995 1106 2032 non
1124 1980 1205 2046 longe
1221 1995 1300 2032 secus
1317 1977 1388 2030 dixit

237 2067 320 2120 quam
375 2059 387 2104 t
425 2066 473 2104 us:

379 2139 388 2168 ⁴
401 2139 508 2208 Qubus
519 2139 609 2206 nunc,’
623 2139 718 2208 inquit,
731 2141 898 2206 ‘aerumpna
909 2154 972 2192 mea
983 2137 1139 2191 libertatem
1150 2137 1226 2206 paso'

379 2227 388 2256 ‘
401 2227 508 2296 Qibus
519 2228 681 2280 seruitutem
694 2242 756 2280 mea
768 2227 877 2280 miseria
889 2226 1024 2295 deprecor
1031 2226 1048 2292 ς’

237 2331 376 2398 Significat
394 2331 474 2399 abigo
492 2339 521 2384 et
539 2333 654 2386 amolior
671 2333 716 2385 uel
734 2347 817 2402 prece
834 2331 955 2384 adhibita
972 2331 1017 2384 uel
1035 2346 1092 2400 quo
1110 2330 1164 2384 alio
1182 2329 1277 2384 modo.
1313 2329 1388 2383 ltem

238 2403 343 2456 Ennius
355 2404 382 2454 in
396 2403 569 2470 Cresphonte

379 2513 387 2540 ‘
400 2511 461 2578 Ego
473 2527 550 2564 meae
563 2526 627 2564 cum
639 2511 713 2564 uitae
725 2527 845 2578 parcam,
857 2511 942 2564 letum
956 2511 1067 2564 inimico
1079 2509 1244 2579 depreceri’

237 2614 338 2666 Cicero
360 2613 387 2665 in
408 2613 478 2665 libro
499 2621 578 2666 sexto
597 2614 633 2667 de
654 2613 805 2682 Republica
826 2615 863 2666 ita
882 2613 1004 2682 scripsit:
1027 2612 1129 2682 ‘Quod
1147 2611 1261 2681 quidem
1282 2628 1318 2666 eo
1336 2611 1387 2664 fuit

236 2685 344 2737 ‘maius
363 2685 427 2752 qnia
446 2700 510 2737 cum
529 2700 610 2738 causa
630 2685 687 2752 pari
708 2683 829 2752 collegae
847 2693 946 2750 essent,
960 2701 1014 2736 non
1033 2684 1117 2737 modo
1134 2682 1235 2736 inuidia
1252 2685 1312 2750 pari
1331 2699 1386 2736 non

236 2756 245 2783 ‘
257 2761 344 2820 erant,
357 2753 405 2807 sed
420 2756 502 2807 etiam
516 2755 612 2808 Claudi
629 2756 758 2808 inuidiam
771 2755 890 2809 Gracchi
902 2756 1000 2808 caritas
1014 2755 1214 2823 deprecabatur
1223 2755 1238 2819 3'
1258 2753 1304 2807 bic
1317 2771 1386 2824 quo-

237 2841 292 2893 que
317 2826 383 2878 item
407 2841 462 2878 non
487 2833 529 2878 est
552 2826 632 2880 ualde
656 2827 820 2895 precabatur
839 2826 888 2879 sed
909 2827 985 2894 quasi
1010 2825 1183 2894 propulsabat
1205 2825 1337 2878 inuidiam
1358 2832 1386 2878 et

236 2895 396 2949 defensabat
421 2897 559 2963 inuidiam,
583 2897 659 2967 quod
684 2899 783 2951 Graeci
808 2898 960 2965 propinqua
984 2897 1179 2964 significatione
1203 2897 1386 2962 παραιτεῖσθαι

236 2966 341 3021 dicunt.
379 2968 451 3020 Item
469 2969 608 3036 proauo
625 2969 745 3022 Caecina
765 2969 943 3022 consimiliter
962 2967 1050 3021 uerbo
1071 2968 1123 3021 isto
1144 2967 1240 3020 utitur.
1276 2967 1386 3035 ‘Quid’

237 3037 325 3106 inquit
346 3037 430 3091 ‘huic
454 3037 557 3092 bomini
581 3039 685 3093 facias?
718 3056 809 3092 nonne
833 3039 970 3092 concedas
993 3038 1132 3092 interdum
1153 3045 1184 3092 ut
1208 3039 1385 3092 excusatione

236 3110 379 3162 ‘summae
403 3110 533 3164 stultitiae
558 3127 681 3164 summae
705 3109 887 3178 improbitatis
910 3109 1003 3163 odium
1028 3109 1224 3176 depreceturi'
1263 3109 1337 3162 ltem
1359 3109 1385 3162 in

237 3180 353 3234 Verrem
375 3181 489 3233 actionis
510 3181 646 3234 secundae
667 3181 773 3250 primo:
798 3181 898 3235 ‘Nunc
919 3197 987 3234 uero
1008 3179 1074 3248 quid
1095 3181 1177 3234 faciat
1199 3179 1385 3234 Hortensius?

236 3251 424 3305 ‘auaritiaene
441 3253 555 3306 crimina
571 3252 731 3319 frugalitatis
747 3252 871 3305 laudibus
887 3252 1068 3319 deprecetur?
1098 3253 1136 3305 At
1153 3251 1295 3303 bominem
1312 3251 1387 3318 flagi·

236 3323 244 3350 ‘
258 3321 432 3375 tiosissimum
444 3322 691 3377 libidinosissimum
703 3324 953 3392 nequissimumque
965 3322 1106 3376 defendit?
1139 3322 1183 3375 Sic
1197 3322 1280 3388 igitur
1292 3323 1385 3376 Catul-

238 3393 280 3447 lus
298 3394 395 3448 eadem
415 3409 444 3446 se
463 3393 555 3447 Iacere
572 3394 640 3447 dicit
660 3411 731 3464 quae
750 3395 887 3458 Lesbiam,
907 3394 982 3462 quod
1002 3401 1031 3447 et
1053 3393 1229 3446 malediceret
1249 3393 1275 3446 ei
1299 3395 1385 3461 palam

235 3471 434 3588 ‹riespueretque
452 3471 481 3518 et
499 3471 639 3519 recusaret
655 3465 893 3535 detestareturque
911 3465 1016 3520 assidue
1036 3471 1065 3518 et
1083 3470 1177 3518 tamen
1196 3479 1258 3517 earn
1277 3465 1386 3534 penitus

256 3536 385 3605 eperiret.

763 3731 858 3786 XCII.

272 3824 337 3877 Huic
349 3823 459 3876 camni
471 3822 561 3875 codices
576 3819 901 3876 ABGHLa¹La²tiru1um
913 3821 1060 3890 praefigunt
1081 3823 1109 3872 lu
1124 3818 1184 3889 (Ad
1196 3817 1242 3889 H)
1256 3823 1382 3874 (Icsurtiu

236 3915 269 3947 ex
289 3894 339 3946 Ince
359 3912 403 3946 suo
421 3903 481 3948 ante
501 3911 523 3946 c.
541 3894 639 3946 XCIII
656 3905 705 3962 per
724 3911 835 3944 errorem
857 3893 904 3944 buc
925 3891 1092 3946 translatum.
1134 3891 1178 3944 Ad
1200 3890 1330 3946 Lesbiam
1351 3891 1385 3944 de

237 3965 295 4033 ipsa
317 3979 490 4034 conquerens
514 3963 541 4016 in
566 3979 660 4017 amore
680 3963 699 4014 h
805 3963 850 4015 De
872 3962 970 4014 Lesbia
991 3963 1017 4016 d.
1062 3965 1178 4033 Spatium
1201 3966 1274 4016 unius
1300 3981 1384 4016 uersus

236 4037 264 4088 in
282 4038 311 4088 V.
347 4036 378 4087 Iu
396 4036 421 4089 0
438 4035 549 4103 parium
568 4053 616 4088 non
635 4043 673 4086 est
692 4034 737 4087 sed
755 4036 848 4087 onusta
868 4043 907 4086 est
921 4036 1011 4103 prima
1032 4034 1121 4088 littera
1141 4033 1257 4088 malni·
1277 4033 1386 4088 Lesbia.

236 4106 319 4244 ts?
331 4105 544 4261 {bsbg(sssbia
557 4190 595 4262 0)
606 4192 644 4246 mi
657 4190 738 4261 (mihi
750 4189 789 4261 Β)
802 4191 880 4256 codd„
893 4190 968 4245 Gellii
982 4191 1058 4245 codex
1070 4193 1213 4256 Parisinus,
1227 4192 1385 4247 lincolnien·

236 4263 281 4329 sis,
302 4263 373 4314 Mus.
393 4262 461 4315 Brit.
482 4273 609 4330 quattuor,
634 4263 761 4316 Lesbiam
784 4263 853 4315 Mus.
873 4264 941 4315 Brit.
964 4263 1055 4316 codices
1078 4264 1127 4316 duo
1148 4263 1231 4331 Gellii,
1257 4264 1385 4318 Lesuiam

237 4335 420 4386 Canonicianw
435 4349 483 4397 307
582 4332 682 4386 Lesbia
694 4333 847 4388 Clarkianus
860 4335 935 4400 XX„
948 4335 1018 4386 Mus.
1031 4336 1100 4388 Bn't.
1114 4353 1175 4388 unus
1277 4351 1385 4404 semper

237 4403 308 4457 male
326 4403 432 4455 dicitV
527 4404 673 4456 malaHBc
687 4404 852 4473 Westphalius
953 4405 1064 4472 inquam
1078 4406 1106 4457 A
1112 4407 1189 4475 prul.
1287 4407 1323 4460 de
1341 4421 1384 4460 me

237 4475 365 4542 anuam
379 4471 454 4526 Gellii
465 4474 540 4525 codex
551 4475 695 4542 Parisinus,
708 4475 795 4530 Clark.
809 4476 884 4541 XX„
896 4476 965 4528 Brit.
978 4477 1048 4529 Mus.
1060 4477 1117 4530 duo.
