3118 5054
224 323 252 380 vi
643 321 948 382 PRAEFATIO.

225 510 437 571 commentario
464 509 571 588 publici
598 509 667 570 iuris
694 509 829 569 iacerem.
881 509 951 570 Hoc
980 528 1017 570 eo
1044 509 1178 598 libentius
1205 511 1261 571 leci
1287 513 1370 590 quod

225 629 399 706 praepositis
419 626 640 705 Typographeo
660 627 840 688 Academico
861 628 1014 687 consilium
1035 645 1135 687 meum
1156 645 1225 688 cum
1246 627 1369 688 relatum

225 753 303 803 esset
329 743 360 803 id
387 753 417 803 et
443 744 642 822 probauerunt
669 753 699 804 et
725 744 807 802 omni
839 743 946 804 auxilio
978 744 1174 818 adiuuerunt3
1207 745 1239 804 in
1268 747 1370 822 primis

225 857 267 917 H.
282 857 319 919 Ο.
341 857 426 920 Coxe
453 869 484 919 et
510 859 551 918 H.
572 859 706 930 Latham,
734 859 841 936 quibus
867 859 996 936 utn'sque
1025 877 1156 920 summas
1186 869 1284 937 grates
1310 878 1370 937 ago

224 973 388 1053 habeoque.
440 973 545 1054 Neque
569 993 605 1036 ea
627 985 741 1038 tantum
765 994 845 1036 noua
868 975 959 1036 adero
981 994 1057 1053 quae
1080 975 1159 1048 dixi3
1186 993 1257 1035 uam
1280 977 1370 1034 etiam

224 1090 366 1151 ediu'onee
381 1101 498 1170 praesto
511 1090 628 1152 fuerunt
641 1091 812 1164 rarissimae,
827 1090 966 1168 Princeps
979 1109 1056 1169 quae
1069 1091 1172 1151 dicitur
1186 1109 1266 1150 anno
1281 1105 1369 1166 1⁴7².

224 1215 254 1266 et
267 1224 343 1284 quae
360 1224 431 1266 uere
449 1216 501 1278 est,
515 1207 659 1266 incertum
677 1225 738 1284 quo
757 1224 836 1267 anno
855 1207 942 1279 edita,
955 1223 1032 1284 quae
1049 1215 1190 1283 utraeqoe
1207 1206 1239 1265 in
1257 1205 1369 1265 Biblio-

225 1321 311 1382 theca
324 1321 484 1382 Bodleiana
502 1330 702 1393 assenmntur;
728 1321 893 1383 Parmensis
911 1339 937 1380 a
955 1334 1049 1397 14733
1072 1320 1231 1380 Alexandri
1244 1319 1369 1382 Guarini

224 1453 364 1512 a.1521;
396 1447 549 1516 postremo
572 1455 608 1497 ea
632 1438 714 1498 cuius
737 1439 858 1497 unicum
885 1437 1010 1498 creditur
1036 1446 1135 1496 extare
1161 1435 1312 1514 exemplar
1338 1437 1370 1496 id

223 1554 306 1632 quod
325 1554 371 1614 his
391 1554 494 1614 diebus
514 1555 607 1632 copiis
628 1554 825 1615 Bibliothecae
842 1554 1020 1614 Bodleiauae
1042 1554 1174 1615 additum
1192 1565 1246 1627 est,
1260 1555 1370 1615 Hiero·

223 1669 303 1746 nymi
323 1669 442 1729 Auantii
463 1668 610 1730 Cardinali
631 1671 770 1731 Farnesio
793 1671 945 1745 dedicata3
966 1681 998 1731 ut
1020 1671 1069 1730 uix
1091 1670 1227 1748 cuiquam
1249 1671 1369 1732 credam

223 1795 267 1844 tot
289 1785 491 1864 suppeditasse
513 1787 618 1847 auxilia
639 1787 719 1846 unde
740 1787 846 1846 librum
870 1787 956 1848 toties
979 1785 1171 1862 deprauatum
1194 1787 1243 1846 uel
1267 1805 1369 1847 emen·

223 1901 304 1960 daret
322 1901 385 1979 ipse
402 1902 451 1961 uel
468 1902 531 1962 aliis
549 1902 767 1962 emendandum
785 1902 967 1980 relinqueret
1010 1901 1070 1962 Sed
1087 1901 1261 1980 nescioquo
1278 1911 1368 1981 pacto

222 2017 319 2078 euenit
345 2028 378 2078 ut
404 2019 435 2077 in
462 2017 579 2078 Catullo
606 2037 706 2080 curam
732 2019 847 2096 Anglus
878 2028 946 2078 ante
972 2036 1021 2077 me
1048 2018 1097 2078 uix
1124 2036 1201 2078 unus
1229 2029 1259 2079 et
1286 2019 1367 2092 alter,

223 2133 401 2194 Oxoniensis
414 2134 533 2211 quidem
547 2152 637 2194 nemo
650 2135 799 2212 posuerit;
820 2133 944 2194 Vossius
961 2133 1040 2192 enim
1057 2134 1139 2194 cuius
1156 2133 1246 2194 editio
1260 2131 1368 2194 Catulli

222 2248 350 2308 Londini
368 2249 475 2326 prodiit
494 2268 573 2309 anno
593 2252 680 2322 1684,
695 2269 863 2328 quanquam
881 2252 912 2309 in
931 2249 1039 2327 Anglia
1057 2249 1167 2327 aliquot
1185 2267 1280 2310 annos
1298 2251 1367 2326 egit,

221 2371 250 2422 et
265 2359 480 2426 Canonicatum
499 2364 579 2441 apud
595 2383 651 2425 nos
665 2365 819 2425 Vinsoriae
833 2363 966 2436 obtinuit,
981 2363 1095 2424 Batauo
1109 2373 1191 2442 patre
1204 2374 1287 2424 ornis
1303 2375 1367 2437 est;

221 2479 246 2538 is
270 2489 367 2538 autem
390 2481 441 2558 qui
463 2479 610 2540 Catullum
636 2481 727 2542 edidit
754 2499 833 2542 arino
861 2495 948 2558 ¹70²»
976 2480 1225 2558 cantabrigiensis
1251 2481 1368 2542 uidetur

221 2594 310 2654 fuisse
331 2605 359 2654 ει
379 2613 489 2656 nomen
508 2599 594 2657 suum
614 2597 687 2656 libro
708 2615 770 2656 non
790 2594 903 2656 adiecit'
944 2596 1010 2674 Ego
1029 2597 1053 2656 si
1072 2597 1177 2674 quibus
1196 2597 1367 2658 temerarius

221 2712 344 2772 uidebor
356 2713 407 2789 qui
424 2713 511 2772 etiam
527 2722 595 2789 post
612 2711 836 2772 Lachmannum
856 2713 914 2772 hoc
936 2712 1266 2789 susceperim-tannim
1286 2713 1367 2771 enim

222 2825 414 2886 Lachmanno
432 2828 463 2886 in
481 2828 631 2888 codicibus
645 2827 751 2888 Catulli
767 2829 966 2889 discernendis
985 2827 1170 2887 tribuendum
1188 2845 1254 2888 esse
1272 2846 1366 2905 quan·

220 2951 283 3002 tum
303 2951 371 3001 ante
391 2959 459 3001 eum
480 2942 598 3014 nemini,
619 2962 674 3003 nec
695 2961 863 3020 quenquam
884 2943 1041 3019 quicquam
1062 2943 1094 3001 iu
1114 2941 1230 3002 Catullo
1250 2941 1366 3019 profec-

221 3061 318 3117 turuin
338 3057 388 3134 qui
409 3075 470 3116 non
489 3058 521 3116 in
542 3057 733 3117 Lachmanno
754 3075 786 3118 se
807 3057 983 3131 stabiliuerit,
1004 3059 1062 3118 hoc
1083 3059 1141 3118 iam
1162 3058 1299 3118 omnibus
1320 3069 1367 3118 est

221 3190 275 3250 pro
296 3171 532 3249 explorato-his
554 3173 621 3232 ideo
645 3191 694 3232 me
716 3191 803 3251 spero
824 3184 994 3233 excusatum
1015 3173 1057 3245 in‘,
1079 3191 1141 3234 non
1164 3174 1261 3233 solum
1283 3174 1366 3251 quod

221 3297 264 3348 tot
286 3297 347 3347 tam
368 3289 492 3365 egregiis
517 3289 653 3349 subsidiis
674 3307 737 3348 rem
759 3291 920 3368 aggrediar,
941 3291 1101 3350 sedetiam
1122 3291 1228 3368 opibus
1248 3292 1365 3368 adiutus
1436 3293 1446 3306 ”

221 3403 411 3482 typographei
426 3421 486 3481 quo
500 3403 611 3463 nullum
623 3422 748 3481 usquam
767 3415 817 3465 aut
834 3415 970 3483 typorum
989 3406 1083 3466 nitore
1102 3425 1137 3466 ac
1151 3407 1365 3484 pulchritudine

221 3529 270 3578 aut
283 3519 421 3596 opificum
435 3537 504 3578 cura
518 3520 716 3596 praestabilius
729 3521 877 3581 habeatur.

456 3725 564 3780 Dabam
577 3726 664 3782 Nouis
677 3728 881 3798 Septembribus
893 3746 918 3784 a.
931 3741 1123 3785 uncccuxvu.
