3074 5066
487 379 718 440 CARMINVM
745 379 937 440 CATVLLI.
1224 383 1279 438 271

175 557 236 616 Sed
251 576 303 617 cur
316 558 354 618 de
368 557 512 620 Beronioe
526 561 639 636 uirgine
653 560 779 636 loquitur
794 561 901 620 coma?
935 557 1016 618 Num
1030 559 1158 636 uirgines
1172 569 1284 618 tantum

132 657 340 732 ungebantur?
381 656 476 730 Quasi
494 676 567 718 uero
586 677 648 717 non
666 659 842 735 praecipuus
862 668 939 717 esset
958 659 988 716 in
1006 658 1115 733 nuptiis
1132 675 1203 716 usus
1217 657 1282 715 olei.

132 754 262 826 Deinde,
276 758 302 815 si
316 755 415 816 Coma
433 758 577 834 unguenti
597 758 676 818 milia
695 757 788 817 multa
807 759 838 816 in
857 757 979 834 uirginis
999 758 1107 816 uertice
1127 756 1286 816 Beronices

132 853 263 925 bibebat,
282 871 302 913 a
321 854 483 931 uirginibus
503 855 632 932 petenda
652 866 735 915 erant
758 856 864 916 eadem
888 873 1010 914 munera
1032 855 1182 931 unguenti
1225 852 1286 913 Cur

133 951 221 1026 igitur
241 951 280 1010 ad
300 963 408 1028 nuptas
429 971 460 1012 se
480 953 633 1024 conuertit,
647 971 745 1030 neque
765 971 816 1012 eas
837 963 977 1023 recentes,
997 952 1050 1011 sed
1068 969 1144 1028 quae
1165 961 1299 1027 possent.

134 1068 201 1110 esse
221 1050 389 1111 adulterae?
429 1051 555 1112 Facilius
576 1072 594 1112 a
614 1054 711 1112 uerbis
729 1051 818 1112 Nunc
838 1071 887 1110 uos
908 1053 1021 1112 ducitur
1041 1052 1210 1112 exordium:
1231 1069 1287 1112 nec

135 1147 260 1206 multum
283 1148 391 1208 haereo
415 1149 507 1209 ineo
531 1148 779 1227 quodFranlrius
804 1151 902 1220 obicit,
931 1150 1046 1208 inficete
1074 1147 1286 1208 Callimachum

135 1244 253 1315 dixisse,
275 1245 301 1304 si
320 1257 539 1322 unguentorum
563 1264 652 1306 causa
673 1247 831 1308 Beronices
853 1248 993 1306 uerticem
1017 1247 1102 1308 astn‘s
1127 1246 1287 1323 praelatum
1400 1305 1403 1317 ,

135 1343 276 1402 tinxhset.
318 1342 398 1403 Nam
412 1345 443 1402 in
456 1354 520 1404 toto
534 1355 670 1421 poemate
690 1346 790 1404 subest
806 1346 908 1404 nescio
922 1345 993 1422 quid
1012 1344 1104 1404 iocosi
1122 1345 1171 1404 uel
1188 1345 1288 1420 potius

136 1441 264 1501 comici:
285 1441 354 1500 talia
375 1452 442 1501 sunt
466 1442 577 1502 ludicra
599 1441 648 1501 illa
670 1443 818 1502 abscissae
838 1458 942 1501 comae
963 1459 1032 1500 cum
1053 1441 1187 1518 perfosso
1207 1429 1288 1500 Atho

136 1538 327 1613 comparatio,
342 1555 439 1598 sermo
458 1539 498 1606 de¹
514 1538 600 1598 nouis
620 1539 719 1615 nuptis
739 1538 864 1610 liberior,
879 1538 1045 1615 deprecatio
1059 1535 1197 1598 Nemesis
1211 1535 1287 1618 (71),

136 1635 192 1712 ipsi
206 1634 334 1713 denique
347 1635 488 1712 postremi
502 1636 562 1696 duo
575 1653 686 1707 uersus,

341 1762 444 1824 Sidera
458 1771 622 1823 corruerent
633 1767 764 1824 uanam!
783 1783 859 1823 coma
873 1767 953 1839 regio
958 1765 1053 1840 fiam

382 1861 546 1920 Proximus
559 1861 727 1936 Hydrochoi
725 1862 859 1940 fulgeret
873 1860 989 1920 Oarion.

178 1998 282 2078 ltaque
300 2009 368 2076 post
384 2003 421 2075 78
437 2000 622 2059 distinetione
639 2000 743 2075 posita,
757 1999 890 2060 ultimam
903 2001 1045 2074 παραοπὴν
1059 1998 1188 2080 (79-94)
1202 2002 1289 2062 sede·

137 2098 196 2156 cim
209 2115 348 2156 uersuum
362 2097 448 2156 facio.
491 2095 645 2156 Habemus
659 2097 745 2172 igitur
762 2115 798 2168 14
816 2116 853 2168 24
873 2115 907 2154 12
926 2099 998 2162 184-
1010 2100 1055 2155 16.
1098 2097 1184 2158 Vnde
1199 2100 1288 2158 totius

137 2196 276 2266 σχήματος
289 2194 373 2254 facile
388 2195 498 2254 elicitur
511 2195 600 2252 ratio:
622 2212 693 2252 nam
707 2213 744 2264 ²4
760 2195 791 2251 in
806 2209 874 2252 11)(
887 2213 913 2265 2,
931 2197 967 2252 28
983 2193 1014 2251 in
1027 2211 1123 2267 r4xa
1140 2197 1287 2255 scinditur.

136 2297 228 2366 Σχῆμα
242 2293 328 2368 igitur
342 2293 458 2351 esthoc
476 2310 511 2363 14
531 2311 565 2350 11
585 2311 620 2350 11
640 2310 675 2349 ra
695 2309 730 2364 14
750 2295 876 2364 r4÷16.
919 2291 1069 2352 Numeros
1086 2311 1133 2365 14,
1151 2313 1185 2352 ra
1205 2311 1289 2370 repe·

136 2375 206 2451 eres
221 2391 405 2450 necaremus
420 2391 450 2448 tn
465 2388 605 2448 rxvrrr.

178 2487 324 2548 Carminis
348 2487 491 2547 LXVlII.
518 2505 596 2560 1-4ο
620 2486 677 2546 alio
704 2505 757 2546 eos
785 2487 905 2563 quidem
933 2487 1057 2564 scriptos
1085 2497 1225 2564 tempore,
1253 2505 1289 2549 ac

138 2585 297 2664 41-(160),
316 2603 378 2645 non
396 2595 495 2646 tamen
513 2587 552 2644 ab
565 2587 600 2646 iis
618 2596 759 2663 tanquam
779 2585 927 2644 diuersum
947 2603 1056 2662 poema
1077 2585 1289 2663 disiungendos

137 2704 203 2745 esse
225 2686 284 2744 iam
304 2687 335 2743 in
356 2687 493 2745 carminis
510 2684 693 2746 Praelatione
714 2685 809 2744 doc'ui.
853 2683 912 2744 Sed
931 2703 1000 2744 cum
1017 2703 1095 2758 1-4ο
1115 2687 1199 2763 quasi
1218 2705 1289 2764 pro-

136 2783 225 2859 logus
245 2782 365 2859 quidam
388 2783 454 2855 sint,
475 2781 644 2860 quaerenda
665 2791 710 2842 est
732 2781 838 2841 horum
858 2800 935 2859 quae
961 2784 998 2842 sit
1019 2783 1185 2860 descriptio,
1207 2786 1287 2846 unde

137 2889 294 2956 sequentes
314 2879 425 2940 facilius
446 2881 621 2957 digerantur.
663 2879 749 2952 Quae
767 2880 887 2956 quidem
907 2881 983 2940 adeo
1002 2898 1064 2939 non
1085 2891 1130 2940 est
1150 2884 1290 2960 ambigua

137 2987 169 3035 ut
182 2977 233 3036 uix
247 2977 303 3036 alia
315 2979 408 3053 possit
421 2996 487 3037 esse
501 2995 591 3056 quam
605 2977 757 3052 quomodo
775 2995 793 3035 a
809 2994 859 3036 me
876 2985 905 3036 et
919 2975 1061 3037 1111111ιόι
1075 2979 1227 3039 distributa
1245 2991 1291 3040 est

140 3093 177 3146 14
196 3093 231 3134 12
251 3093 297 3146 14.
339 3073 482 3152 Reliquos
495 3093 597 3135 uersus
612 3070 759 3152 41-(160)
774 3073 833 3133 iam
847 3074 884 3132 A.
894 3074 1021 3134 Weisius
1031 3075 1181 3136 Vsenerus
1192 3078 1289 3136 West·

137 3171 253 3248 phallus
273 3189 329 3248 pro
349 3190 381 3232 se
401 3173 526 3249 quisque
549 3179 707 3231 tractanmt
731 3180 760 3229 et
782 3171 813 3228 in
835 3181 932 3247 partes
957 3170 1124 3232 diuiserrmt.
1174 3173 1221 3232 Ex
1243 3173 1291 3234 his

137 3269 265 3330 Weisius
278 3270 333 3330 tria
346 3271 476 3330 carmina
489 3287 561 3330 casu
579 3270 678 3347 aliquo
691 3281 774 3348 putat
791 3271 821 3330 in
834 3291 927 3332 unum
941 3273 1094 3344 coaluisse,
1109 3273 1236 3350 primum
1250 3276 1290 3334 de

138 3367 246 3428 Lesbia
273 3385 341 3428 cum
369 3366 498 3444 Prologo
530 3369 569 3428 ad
596 3367 706 3428 Allium
734 3367 871 3446 41-(50),
900 3366 1064 3448 (5r)-(7a),
1092 3367 1288 3448 (mm-(148)

137 3466 260 3526 alterum
287 3465 325 3524 de
353 3463 516 3525 Laudamia
541 3462 704 3544 (73)-(9o),
729 3464 941 3545 (ror)-(rr8);
974 3468 1090 3526 tertium
1118 3467 1155 3526 de
1183 3467 1288 3529 Catulli

169 3651 178 3682 ¹
196 3653 241 3702 Vu.
252 3664 333 3716 21-24
343 3655 459 3704 immerito
471 3671 484 3702 s
496 3655 601 3717 Gruppio
613 3656 754 3704 Bernhardio
765 3657 796 3705 Α.
804 3656 891 3704 Weitlo
903 3656 1011 3717 suspectis
1022 3657 1077 3704 satis
1087 3655 1224 3718 patrocinari
1235 3667 1289 3708 sunt

136 3735 293 3798 westphaliae
310 3735 475 3799 Frankinsque.
508 3737 580 3798 Quod
599 3749 637 3799 13,
651 3751 682 3802 ²4
698 3747 831 3800 repetuntur
847 3739 907 3786 intra
920 3737 984 3801 (95),
997 3735 1053 3802 (96)
1070 3739 1175 3786 consulto
1192 3739 1215 3786 id
1232 3740 1288 3790 lecit

136 3818 249 3874 Catullus,
261 3826 287 3864 ut
298 3817 416 3865 colomis
428 3819 462 3866 bis
473 3819 496 3865 in
508 3819 586 3866 medio
596 3819 678 3867 iisdem
690 3821 791 3868 uersibus
803 3835 906 3868 amorem
918 3821 992 3868 fratris
1004 3835 1033 3868 ex
1048 3830 1141 3882 pectore
1153 3821 1286 3871 declararet.

137 3902 208 3962 Qod
227 3911 350 3964 postquam
371 3903 477 3950 Mallium
497 3903 609 3950 allocutus
631 3911 673 3960 est,
690 3905 767 3952 subito
785 3905 928 3952 conuertitur
950 3904 979 3951 ad
999 3905 1101 3961 fratrem,
1119 3905 1180 3952 idern
1198 3907 1245 3954 iarn
1262 3907 1287 3956 in

137 3985 209 4032 LXV.
222 3997 289 4049 9-14
302 3985 390 4034 sacrum
405 3985 511 4034 uidimus.
545 3985 650 4048 Denique
665 4001 712 4034 non
727 4001 820 4048 possum
834 4001 876 4049 pro
887 3987 1018 4036 Catulliano
1029 3987 1113 4036 habere
1125 3989 1201 4036 lomim
1213 3991 1287 4053 qualis

137 4068 168 4116 sic
180 4068 288 4117 stradam

366 4149 415 4196 Sed
423 4157 496 4197 lotam
507 4149 548 4198 lm
559 4149 660 4197 stadium
671 4149 733 4197 lacta
737 4149 850 4209 fraterna
862 4149 917 4198 mibi
928 4165 990 4200 mors

398 4229 508 4278 Abstulit.
544 4229 566 4277 0
576 4231 743 4290 namosrurer
753 4231 857 4293 adempte
869 4231 931 4280 nabi.

368 4311 440 4359 osias
450 4325 494 4374 ego
505 4311 597 4359 munla
608 4322 656 4360 tota
667 4313 696 4360 da
707 4313 874 4375 merrtesugous'

401 4391 466 4440 Haec
476 4393 552 4441 sardin
564 4402 630 4457 atque
641 4395 712 4442 martia
724 4393 816 4442 delirius
828 4395 909 4444 animi.
