3094 5052
575 423 794 488 CARMEN
825 421 927 486 XXX.

352 614 442 678 Eone
466 615 597 677 nomine
621 614 718 698 (urbis
740 633 761 676 o
782 615 877 697 pudet
900 616 1001 696 meae)

393 725 487 790 Socer
509 745 681 810 generque,
703 725 889 809 perdidistis
909 726 1044 790 omnia?

701 977 804 1042 XXX.

266 1119 402 1182 Aurana
425 1119 595 1180 immemor
617 1124 713 1199 atque
735 1115 900 1176 unanimis
922 1113 1000 1177 false
1023 1113 1184 1177 sodalibus

266 1228 337 1293 Iam
358 1238 392 1292 te
415 1227 465 1290 nil
486 1229 629 1312 miseret,
652 1228 740 1310 dure,
763 1229 811 1290 tui
834 1226 937 1290 dulcis
959 1227 1115 1290 amiculi?

216 1491 260 1538 24.
279 1471 363 1538 Verg.
376 1471 437 1524 Cat.
452 1471 507 1524 ΙΙΙ.
520 1473 546 1524 6.
571 1469 608 1524 Vt
621 1471 672 1523 iste
685 1485 780 1524 uersus
792 1485 987 1540 usquequaque
1000 1470 1119 1538 pertinet
1132 1470 1226 1524 Gener
1237 1485 1331 1524 socer-

176 1559 233 1612 que
247 1543 402 1612 perdidistis
414 1542 514 1594 omnia.

218 1783 261 1831 ²3·
299 1760 365 1808 lull·
389 1762 496 1833 (uerbis
515 1762 543 1815 D
567 1762 641 1815 urbis
659 1763 688 1814 Η
703 1763 785 1815 urbes
802 1759 836 1832 a)
860 1765 1053 1819 ‘’lllltlllb-‘lttt
1077 1762 1231 1833 (opulentie
1250 1767 1333 1819 Dres-

177 1835 278 1905 densis)
290 1837 382 1888 codices
449 1836 598 1902 imperator
610 1834 689 1886 unice
702 1833 815 1902 Scaliger
879 1832 1046 1886 abditissima
1059 1835 1091 1888 G.
1104 1835 1266 1888 Hermannus
1315 1853 1333 1888 ο

177 1909 299 1978 piissime
312 1906 493 1958 Larbrnannus
505 1905 570 1972 quod
579 1915 663 1956 tuetur
672 1905 797 1973 Hauptius
807 1905 911 1974 Quaest.
924 1904 1017 1957 Catuli.
1024 1917 1053 1974 p.
1064 1923 1112 1970 ²03
1130 1907 1164 1972 cs.
1178 1925 1262 1958 uersus
1275 1906 1334 1959 Hil-

178 1980 275 2032 deberti
287 1977 358 2046 apud
369 1975 519 2030 Gulielmum
532 1974 781 2028 Malmesburiensem
796 1977 838 2028 IV.
853 1993 912 2042 351,
927 1978 1036 2044 ‘Qem
1051 1977 1136 2042 magis
1152 1976 1258 2044 optauit
1270 1993 1334 2029 cum

179 2053 187 2080 ‘
201 2049 318 2102 crimine
331 2047 403 2100 solus
416 2047 517 2099 habere
530 2047 631 2098 Caesar
643 2062 726 2113 quam
738 2046 827 2098 socius
839 2052 868 2099 et
881 2047 940 2114 pius
952 2063 1010 2099 esse
1023 2048 1119 2100 socer!
1230 2047 1304 2099 orbis
1316 2065 1334 2100 ο

178 2119 310 2190 piissimei
323 2119 450 2187 Hauptius
538 2116 612 2169 orbis
625 2117 690 2184 opii
703 2117 787 2169 duces
800 2119 962 2170 Beniaminus
976 2120 1070 2170 Iowett
1160 2119 1334 2186 oppidissime

178 2193 285 2259 Heysius
323 2192 377 2258 Ipse
388 2189 478 2241 conari
490 2187 564 2240 urbis
576 2204 594 2239 o
606 2188 691 2254 pudet
703 2202 781 2240 meae
793 2189 820 2241 in
826 2190 974 2258 parenthesi
985 2189 1110 2242 additum.

219 2280 262 2327 ²4·
298 2275 384 2327 gener
395 2274 529 2328 socerque
543 2261 616 2327 Verg.
630 2259 687 2310 Cat.
701 2260 751 2310 ΙΙΙ.
766 2262 792 2311 6.

217 2429 271 2479 Hoc
280 2445 384 2478 carmen
390 2428 491 2495 primus
504 2427 531 2477 ni
535 2424 623 2491 fallor
636 2423 734 2494 Anglus
746 2427 772 2476 in
785 2425 891 2493 Ephem.
904 2423 985 2478 Class.
997 2426 1042 2478 IV.
1057 2441 1117 2492 297,
1129 2425 1188 2480 XV.
1205 2441 1252 2490 107
1266 2445 1333 2479 com-

172 2500 281 2569 paratis
296 2498 409 2566 Sapphus
413 2497 457 2562 sr.
472 2499 504 2547 68
517 2496 554 2550 ed.
568 2496 662 2564 Bergk.

361 2569 517 2620 rardnuoiaa
535 2567 563 2618 δε
581 2565 645 2618 xeia'
665 2563 805 2619 οὐδέποτε
823 2563 973 2633 μναμοσύνα
992 2565 1070 2620 σε’θεν

362 2635 449 2692 ἔσσετ’
469 2640 528 2689 οὔτε
546 2637 600 2690 τόθ’
619 2634 673 2689 odd
692 2635 810 2704 ὕστερον·
830 2637 860 2688 οὗ
878 2637 928 2705 γὰρ
946 2635 1064 2707 πεδέχεις
1080 2637 1185 2707 βρόδων

361 2713 413 2760 τῶν
430 2709 457 2760 e’rr
475 2711 590 2776 Πιερίας,
608 2703 668 2760 ἀλλ’
686 2707 786 2777 ἀφύης
804 2703 849 2774 κῆν
860 2703 934 2760 Ἀΐδα
952 2707 1041 2774 δόμοιο

363 2780 499 2844 φοιτύσεις
516 2777 573 2831 πεδ’
591 2776 710 2845 ἇμαύρων
728 2776 821 2831 νεκύων
839 2778 1038 2845 ἐκπεπονημένα.

179 2862 207 2904 et
219 2849 404 2904 Hor.C.1.1r
444 2850 490 2902 Tu
510 2865 544 2901 ne
563 2850 717 2918 quaesieris,
736 2849 805 2901 scire
824 2849 908 2916 nefas,
927 2865 1010 2918 quem
1029 2849 1102 2916 mihi,
1121 2867 1204 2919 quem
1222 2851 1272 2904 tibi

338 2923 360 2974 1.
373 2927 403 2973 18
442 2919 558 2984 Nullam,
578 2919 658 2985 Vare,
677 2935 753 2972 sacra
770 2920 827 2972 uite
845 2920 918 2987 prius
936 2921 1038 2973 seueris
1056 2920 1184 2975 arborem

315 2994 403 3044 IV.10
440 2992 464 3042 O
484 2990 600 3044 crudelis
618 2990 706 3044 adhuc
725 2997 754 3043 et
773 2991 887 3043 Veneris
906 2991 1062 3044 muneribus
1080 2998 1178 3060 potens

179 3062 296 3131 equibus
306 3063 419 3132 Sapphus
432 3081 534 3114 catenen
547 3080 562 3126 4
574 3079 658 3114 uersus
667 3061 777 3128 haberet,
787 3063 933 3115 Horatiana
945 3062 1054 3116 alterum
1068 3083 1083 3128 4
1095 3082 1108 3109 κ
1123 3081 1146 3128 3,
1159 3064 1243 3116 altera
1256 3084 1268 3128 4
1285 3081 1299 3112 x
1312 3081 1337 3131 α,

180 3137 211 3187 in
223 3145 276 3185 tres
287 3135 406 3202 strophas
418 3133 504 3185 diuisit
516 3143 692 3200 quaternorum
708 3151 832 3185 uersuum.
868 3134 916 3184 Sed
929 3135 1055 3202 utriusque
1068 3135 1185 3203 strophae
1198 3135 1339 3189 Catulliani

181 3206 308 3257 carminis
315 3206 465 3273 posteriores
477 3204 536 3255 duos
550 3222 634 3255 uersus
647 3222 736 3256 rursus
747 3205 774 3256 in
786 3213 894 3272 quatuor
898 3216 989 3274 partes
1000 3205 1130 3258 distribuit
1141 3207 1185 3258 hoc
1198 3208 1269 3260 modo

508 3274 566 3326 lam
586 3289 629 3326 me
648 3273 772 3342 prodere,
792 3275 845 3326 iam
864 3291 919 3327 non

507 3345 624 3397 Dubitas
641 3343 734 3397 fallere
753 3345 855 3412 perfide

507 3415 567 3468 Nec
585 3415 657 3468 sacta
675 3416 757 3482 impia
775 3415 899 3468 fallacum

507 3486 659 3538 Hominum
677 3487 810 3539 caelicolis
828 3488 944 3554 placent.

182 3557 367 3609 Lmbnsannus
391 3557 418 3608 in
442 3556 519 3610 eat.
542 3557 636 3610 Catulli
660 3577 762 3610 carmen
781 3569 806 3610 et
826 3560 877 3610 ise
897 3561 924 3612 in
945 3568 996 3611 tres
1017 3560 1135 3628 strophas
1159 3571 1338 3629 quaternorum

182 3645 303 3681 uersuum
320 3627 482 3680 describebat.
518 3629 609 3680 Postea
626 3631 653 3681 in
670 3629 774 3698 Bergkii
791 3639 815 3681 et
868 3631 947 3682 esaris
965 3631 1045 3683 Diar.
1060 3632 1147 3700 Antiq.
1165 3637 1229 3698 1845
1242 3645 1272 3702 p.
1286 3651 1336 3699 49²

182 3719 230 3752 sex
242 3699 360 3767 strophas
367 3699 434 3764 serit
449 3698 564 3751 binorum
581 3717 705 3752 uersuum.
742 3701 814 3752 Hunc
829 3701 939 3753 ordinem
956 3703 1032 3753 secuti
1047 3712 1105 3754 sunt
1119 3703 1243 3772 Hauptius
1258 3706 1284 3756 in
1298 3705 1338 3759 ed.

181 3789 234 3823 sua
256 3779 281 3820 et
299 3771 465 3834 Lachm.11.‚
484 3769 642 3823 Schwabius.
678 3771 715 3822 Et
733 3771 845 3840 Sapphus
867 3773 963 3840 quidem
984 3773 1154 3825 choriambico
1174 3777 1292 3828 carmina
1311 3778 1338 3830 in

182 3839 305 3909 strophas
329 3840 443 3891 binorum
468 3859 583 3893 uersuum
611 3843 638 3893 in
664 3843 773 3909 antiquis
801 3843 954 3912 apographis
978 3843 1103 3912 descripta
1123 3845 1208 3911 fuisse
1228 3857 1339 3900 testatur

184 3911 339 3980 Hephaestio
345 3923 374 3980 p.
389 3927 447 3976 111,
467 3911 545 3963 Κοινὰ
558 3912 585 3964 δι’
603 3913 653 3963 ὅσα
670 3913 720 3964 eiad
739 3921 904 3980 συστήματος
920 3913 967 3980 μὲν
979 3918 1179 3983 καταμετρεῖται,
1192 3917 1254 3970 αὐτὸ
1266 3919 1294 3971 be
1307 3919 1338 3972 τὸ

184 3981 311 4046 σύστημα
323 3982 377 4050 ἔχει
394 3980 581 4048 πληρούμενον·
607 3979 648 4034 oiri
665 3982 723 4036 e'art
738 3981 769 4034 rb
786 3983 860 4055 ε’ντῴ
878 3983 988 4058 δευτέρῳ
1005 3985 1046 4038 καὶ
1062 3987 1139 4057 τρίτῳ
1153 3991 1284 4056 Σαπφοῦς·
1311 3989 1339 4044 ἕν

184 4047 226 4108 οἷς
239 4053 431 4120 καταμετρεῖται
447 4053 494 4120 μὲν
506 4053 555 4106 ὑπὸ
568 4052 705 4124 διατιχίας,
719 4053 782 4122 αὐτὴ
795 4051 817 4107 b'
831 4053 845 4122 ἡ
861 4054 977 4126 διστιχία
992 4057 1068 4124 ὁμοία
1084 4057 1150 4112 ε’στί.
1188 4061 1227 4114 ld.
1234 4074 1264 4130 p.
1277 4077 1337 4128 117,

228 4239 265 4287 fet!
282 4241 432 4305 ,·l]pl·.emrur
450 4240 618 4310 (Alhpenum
631 4239 674 4308 D)
688 4239 892 4294 ADGHLLath
961 4241 1004 4295 Ad
1017 4240 1145 4296 Alfenum
1158 4242 1246 4300 BLal.

227 4330 251 4366 1.
287 4313 407 4374 septem:-
424 4312 625 4366 BGDGLLato
633 4314 669 4364 ab
681 4311 788 4366 Lachm.
851 4311 949 4365 Alfene
963 4314 991 4365 A
1002 4315 1167 4368 Rossbachius
1180 4317 1339 4388 Schoenitas,

183 4399 212 4441 er
229 4386 268 4436 sie
284 4385 435 4438 Mommsen.
453 4386 570 4452 inscript.
589 4385 650 4436 Lat.
667 4384 689 4434 1.
704 4400 763 4448 ero,
778 4385 839 4447 467,
853 4398 913 4449 473,
933 4385 1028 4437 Gruter
1043 4391 1102 4452 208,
1123 4402 1182 4452 753.
1196 4391 1222 4455 6,
1242 4393 1341 4460 856.1,

186 4463 251 4524 856.
268 4473 280 4506 ο
351 4469 402 4502 urm
416 4469 493 4502 uinus
509 4453 713 4507 BCHLLa¹La2
783 4455 850 4506 salse
865 4457 890 4504 V
956 4455 1011 4508 fase
1026 4457 1054 4509 C.

226 4547 251 4582 α.
288 4525 369 4578 nichil
383 4528 407 4579 G
478 4523 538 4571 min:
557 4523 783 4578 Acottattath
855 4541 908 4578 non
923 4526 950 4577 H
1020 4527 1079 4580 duri
1093 4531 1121 4582 D
1192 4531 1245 4596 tuis
1259 4533 1286 4586 C.
