3136 5060
606 417 663 478 AD
690 417 817 478 XXVII.
839 437 866 490 4.
1246 415 1301 472 321

167 613 234 658 cnm
255 594 359 657 eadem
381 597 524 657 sententia
542 593 573 655 in
594 605 722 656 mentem
740 596 879 656 uenisset·
891 611 967 674 quae
981 593 1113 673 Hauptio
1134 609 1201 654 eam
1222 605 1307 670 prae·

167 694 229 754 tulit
242 712 331 772 quam
351 712 423 755 mox
443 705 723 755 commemoraturus
741 691 914 774 sum)-sed
931 713 969 753 ne
989 693 1164 769 sicquidem
1184 691 1307 752 omnino

166 792 270 852 similia
291 802 358 852 sum
377 795 460 865 int-i,
480 803 510 852 et
529 803 606 859 o÷o
625 803 712 859 att-et
731 803 813 865 ηψη,
835 811 931 870 neque
954 792 1045 852 ullum
1066 791 1152 850 buius
1173 788 1306 849 lectionis

166 891 320 967 uestigium
347 893 488 969 praebent
511 891 636 952 codices.
692 891 794 951 Restat
820 891 906 968 igitur
929 890 1084 968 explicatio
1112 887 1307 966 iampridem

167 989 293 1065 uulgata,
309 997 340 1049 et
359 1007 435 1068 quae
453 987 610 1049 Parthenio
630 988 778 1068 Scaligero
797 988 950 1049 Gronouio
971 988 1163 1050 Lachmanno
1185 985 1307 1046 Hertzio

166 1086 282 1163 placuit

209 1184 251 1244 Hi
265 1185 344 1246 enim
358 1203 463 1246 omnes
477 1185 607 1246 scribunt

490 1360 639 1420 Ebriosa
659 1361 759 1420 acina
778 1361 984 1422 ebriosioris

168 1490 202 1542 nt
218 1482 425 1543 ebriosioris
446 1484 599 1560 genetiuus
620 1493 697 1543 esset
715 1502 753 1542 ex
771 1503 832 1561 quo
851 1484 953 1544 acina
973 1483 1121 1560 penderet
1162 1481 1208 1541 Ita
1227 1482 1307 1540 enim

168 1590 199 1640 et
222 1582 289 1641 satis
313 1581 471 1660 respondet
493 1583 637 1659 prioribus
660 1582 714 1641 illis
738 1582 879 1658 exemplis
903 1599 1005 1641 uersus
1029 1579 1134 1640 Catulli
1157 1589 1187 1639 et
1210 1580 1307 1638 minus

168 1680 286 1738 obstant
310 1679 437 1740 Gelliani
460 1680 587 1740 codices.
637 1680 740 1757 Itaque
764 1680 856 1739 tribus
877 1680 974 1739 modis
997 1678 1147 1756 legebatur
1170 1675 1207 1736 Α
1231 1675 1308 1736 Gelli

168 1787 300 1854 tempore
320 1777 367 1838 bic
388 1796 489 1838 uersus
513 1775 558 1859 (ι)
582 1778 732 1838 Ebriosa
758 1779 858 1838 acina
885 1777 1091 1838 ebriosioris
1119 1771 1165 1855 (a)
1189 1775 1307 1834 ebrios

168 1876 270 1935 acina
282 1876 489 1936 ebriosioris
502 1879 546 1952 (3)
558 1877 728 1937 Ebriosos
742 1878 842 1936 acina
855 1876 1060 1936 ebriosioris
1074 1885 1103 1934 et
1116 1873 1173 1933 hoc
1187 1872 1307 1951 quidem

169 1984 230 2032 tam
243 1983 351 2034 temere
365 1975 503 2051 scriptum
516 1985 548 2034 ut
560 1975 688 2034 muneris
701 1992 820 2052 prorsus
835 1984 951 2034 careret
993 1973 1136 2046 Quartam
1150 1972 1307 2031 lectionem

169 2071 215 2131 his
228 2071 373 2132 diuersam
386 2071 486 2131 habuit
500 2070 604 2131 Catulli
621 2073 716 2132 codex
735 2073 814 2133 unde
830 2073 921 2132 nostri
939 2072 1147 2150 profluxerunt,
1160 2068 1308 2128 Ebriose

169 2171 272 2229 acino
296 2169 503 2230 ebriosioris
527 2172 588 2230 siue
612 2171 773 2231 ebriosae
794 2189 896 2230 uerum
917 2179 962 2230 est
981 2171 1042 2230 siue
1056 2179 1089 2230 ut
1101 2168 1198 2247 potius
1211 2166 1310 2227 iudico

170 2286 207 2327 ex
235 2269 375 2328 ebrioso
402 2279 579 2347 corruptum.
634 2269 706 2332 Non
730 2269 808 2338 enim
832 2269 862 2329 id
886 2288 923 2329 ex
947 2269 1088 2328 ebriosa
1115 2267 1215 2326 acino
1243 2282 1309 2324 cor-

169 2375 286 2443 ruptum
310 2367 414 2438 habeo,
436 2385 605 2445 quanquam
626 2367 684 2428 boc
708 2367 815 2427 Statius
839 2377 868 2427 et
891 2367 1006 2428 Catullo
1030 2366 1128 2426 tribuit
1151 2374 1181 2423 et
1203 2363 1308 2424 Gellio.

171 2463 298 2524 Gellium
312 2464 390 2524 enim
404 2465 505 2525 acina
525 2484 586 2526 non
607 2467 709 2526 acino
722 2466 828 2543 legisse
842 2465 971 2526 indicant
984 2465 1075 2543 ipsius
1087 2463 1178 2522 uerba
1199 2459 1310 2538 ‘quod

171 2569 268 2624 ‘erat
288 2566 452 2625 usitatius
474 2567 611 2626 acinum
636 2567 672 2626 in
699 2577 822 2627 neutro
848 2584 978 2644 genere
1005 2561 1220 2643 appellare;’
1250 2561 1309 2622 aci·

170 2681 242 2722 num
263 2664 342 2722 enim
363 2663 493 2724 seminini
513 2665 628 2742 generis
643 2664 702 2743 legi
720 2683 781 2724 non
802 2665 899 2725 eredo.
942 2663 1028 2736 Quae
1049 2664 1080 2723 in
1099 2661 1310 2740 glossatoribus

171 2761 208 2821 de
230 2760 288 2821 boc
310 2763 455 2822 uocabulo
474 2764 589 2841 repperi
610 2763 683 2824 baec
705 2775 773 2823 sunt
792 2763 871 2823 Non.
890 2783 946 2840 194
967 2763 1079 2822 Acina
1094 2780 1194 2839 genere
1214 2767 1311 2818 neutro

166 2861 328 2938 frequenter
347 2860 440 2921 Varro
454 2865 555 2938 poturi.
604 2864 736 2923 Acinus
756 2865 906 2922 masadam
925 2861 973 2923 M.
991 2862 1102 2921 Tullaics
1122 2862 1155 2920 de
1174 2859 1317 2920 Senectute-

171 2977 259 3036 quae
287 2978 329 3019 ex
350 2959 406 3019 fici
433 2962 568 3021 tantulo
592 2979 700 3039 grano
728 2971 786 3020 aut
812 2979 853 3020 ex
881 2962 972 3021 acini
999 2962 1155 3021 uinaceo.
1197 2957 1241 3018 Et
1259 2957 1315 3017 alii

170 3059 301 3117 obscurae
323 3060 503 3118 aucbrt'latz's.
553 3059 768 3137 Pressusque
793 3060 902 3119 labris
925 3077 1014 3119 unus
1038 3059 1157 3118 acinus
1181 3057 1310 3116 arebat.

171 3155 264 3216 Labb.
289 3156 386 3216 Gloss.
415 3156 526 3217 Acina
559 3157 622 3232 ρὸξ,
653 3158 756 3217 Acini
787 3159 876 3234 ῥῶγας.
926 3157 1058 3218 Acinus
1091 3158 1147 3233 ῥὼε
1178 3158 1309 3231 ylyapmr.

172 3253 269 3332 Cyn'll.
285 3254 382 3316 Gloss.
398 3256 454 3330 ρὸξ
475 3257 596 3316 acinus
623 3257 732 3316 acina.
772 3257 856 3332 ῥῶγιε
877 3257 976 3316 acini.
1019 3255 1116 3316 Gloss.
1138 3254 1209 3314 Mai.
1223 3252 1310 3312 VIII.

173 3355 212 3425 4⁶
244 3354 366 3414 acinus
397 3353 492 3412 botrus
519 3373 586 3414 uuo.
641 3355 743 3430 lb.15
770 3354 816 3413 bic
843 3355 964 3415 acinus
991 3355 1025 3413 ni
1054 3354 1087 3414 .i.
1116 3353 1211 3412 botrus
1240 3351 1312 3410 unde

171 3449 317 3510 Paulam
339 3451 511 3529 Exprimit
535 3452 717 3512 humentes
744 3454 865 3513 acinos
889 3471 1079 3530 sucumque
1106 3451 1310 3530 liquentem.

172 3549 273 3609 Acron
293 3551 332 3609 ad
351 3549 425 3610 Hor.
442 3550 471 3610 S.
486 3550 526 3611 11.
541 3553 569 3612 6.
585 3555 623 3626 85
643 3550 711 3612 Hic
730 3553 851 3612 acinus
871 3559 899 3610 et
915 3551 980 3611 hoc
1000 3552 1145 3611 acinum.
1187 3549 1311 3621 Acina,

172 3665 212 3707 ae
239 3666 406 3726 quanquam
437 3651 571 3726 exempla
602 3651 663 3710 eius
690 3669 752 3710 non
779 3661 847 3711 sunt
874 3651 952 3727 apud
976 3649 1178 3721 Forcellimun‚
1206 3647 1311 3707 eodem

172 3747 264 3807 modo
284 3758 396 3824 poterat
416 3747 547 3808 Catullus
566 3767 705 3826 usurpare
726 3767 785 3826 quo
807 3749 855 3809 alii
879 3767 1042 3821 araneus,
1070 3766 1208 3820 aranea,
1236 3765 1311 3807 ara·

172 3861 274 3904 neum
302 3851 399 3924 ‘quae
432 3847 471 3905 ab
502 3847 652 3907 adiectiuis
682 3848 819 3907 translata
850 3867 914 3908 esse
944 3847 1033 3908 fidem
1065 3847 1174 3906 iaciunt
1205 3847 1312 3923 pariter

173 3944 321 4004 mutabilia
337 3962 412 4023 quae
428 3945 532 4006 eadem
553 3946 695 4007 adiectiua
716 3957 784 4006 sunt
804 3957 837 4008 ut
860 3948 1001 4008 nuntius
1024 3947 1192 4017 nuntium,
1217 3962 1312 4003 mun·

173 4041 237 4102 dus
257 4043 430 4115 mundum,
449 4043 588 4103 cubitus
608 4045 773 4118 cubitum,
792 4063 911 4105 aruum
931 4064 1022 4118 arua,
1040 4045 1152 4106 cliuus
1173 4043 1311 4113 cliuum,

173 4139 347 4200 canticum
379 4141 563 4224 canticula,
591 4143 766 4220 posticum
800 4145 946 4220 postica,
974 4145 1115 4221 lupinus
1149 4142 1312 4220 lupinum,

173 4237 335 4298 labrusca
361 4239 559 4300 labruscum
586 4240 656 4300 item
683 4240 780 4301 sorus
807 4241 919 4301 sorum
945 4260 1013 4301 cum
1041 4241 1184 4301 adiectiuo
1208 4240 1312 4300 foras.

173 4333 312 4395 Eiusdem
326 4337 441 4413 generis
455 4337 511 4398 alia
524 4338 666 4414 permulta
685 4348 752 4398 sunt
766 4357 841 4416 quae
855 4339 998 4399 adiectiue
1013 4340 1068 4399 dici
1082 4340 1152 4399 olim
1166 4339 1313 4400 desienmt

174 4433 303 4494 fluuius
331 4433 447 4508 fluuia,
468 4437 595 4498 labium
623 4437 731 4510 labea‚
753 4440 867 4516 apium
895 4440 1003 4518 apius,
1027 4440 1158 4501 corium
1186 4441 1313 4511 corius,

715 4545 766 4598 rt
