3074 5066
509 407 736 469 CARMINVM
762 409 950 470 CATVLLI.

319 586 395 658 Quin
408 595 438 648 lu
452 589 545 648 anim
557 591 682 668 offirmr
694 599 774 668 atque
787 594 868 650 nnnc
881 598 906 650 te
918 594 973 667 ipse
986 593 1118 650 reducor

359 685 402 744 Et
414 688 469 746 deri
483 691 581 748 thurtal
594 691 696 750 &sinii
708 710 763 748 erre
775 692 884 748 maier?

320 783 443 861 Difficile
455 793 495 844 cet
507 787 618 862 longum
631 787 719 846 rubrio
732 789 860 864 deponere
872 805 999 848 amnem.

360 881 481 960 Difficile
494 891 541 954 esi,
556 904 652 943 uerum
666 886 716 943 hoc
728 905 783 962 qua
798 885 871 944 lubet
882 883 989 961 efficias.

328 978 387 1038 Vna
399 983 477 1040 salter
491 983 556 1040 haec
569 989 614 1052 est,
628 983 678 1040 hoc
690 990 731 1042 est
741 983 1020 1058 tr'biperur'ncc'ndum,

360 1077 422 1135 Hoc
424 1077 534 1155 sacrus,
548 1082 608 1138 erice
621 1079 655 1138 id
664 1097 718 1138 non
725 1085 787 1156 pole
799 1082 857 1138 trice
866 1086 934 1154 pole.

197 1229 281 1290 Duas
302 1243 399 1308 partes
420 1245 487 1293 ante
510 1234 659 1294 Mesodon
680 1247 789 1312 quanta
811 1235 959 1311 diligentia
980 1234 1146 1294 adsimilarit
1170 1235 1204 1294 iis
1229 1251 1304 1311 quae

154 1345 222 1386 eam
251 1340 397 1400 secuntur,
424 1349 460 1389 ex
489 1334 666 1408 comparatis
693 1343 814 1409 apparet
844 1333 982 1408 utrisque.
1024 1333 1060 1390 In
1093 1351 1147 1390 r-2
1173 1331 1304 1390 Catullus

155 1427 249 1484 amori
270 1427 421 1500 ualedicit;
446 1430 476 1488 in
498 1449 543 1500 ra,
562 1449 597 1504 13
613 1430 736 1490 Lesbiae
752 1429 836 1508 (Vale
849 1429 972 1508 puella);
994 1431 1024 1488 in
1041 1433 1098 1504 3-8
1114 1429 1314 1489 reminiscitur·

154 1521 313 1598 uoluptatis
341 1543 408 1583 cum
434 1525 542 1585 Lesbia
566 1537 666 1598 actae;
699 1529 728 1586 in
754 1547 851 1602 14-19
875 1538 1030 1586 uenturum
1053 1527 1186 1586 dolorem
1208 1527 1305 1585 eidem

154 1620 336 1679 uaticinatur.
379 1622 481 1698 ltaque
496 1624 584 1682 totius
603 1624 738 1683 carminis
753 1629 842 1698 σχῆμα
856 1634 888 1684 ut
903 1643 920 1683 a
933 1642 981 1682 me
996 1635 1025 1684 et
1038 1621 1164 1682 Frankio
1178 1622 1305 1700 singilla-

154 1719 209 1775 tim
224 1719 414 1777 constitutum
429 1731 480 1792 est,
495 1720 662 1780 huiusmodi
677 1723 729 1780 erit
745 1742 761 1780 2
779 1741 816 1796 33
833 1767 839 1780 .
856 1741 882 1796 3.
901 1742 916 1780 a
934 1739 982 1796 33.

196 1839 233 1899 C.
248 1840 324 1898 XIV
344 1843 486 1902 Franhius
501 1846 542 1903 sic
557 1845 692 1904 describit
708 1849 786 1920 3÷8
804 1850 851 1918 48.
884 1845 975 1916 Quod
989 1845 1056 1904 ideo
1070 1863 1132 1902 non
1146 1845 1303 1919 probarim,

156 1939 227 2014 quia
247 1957 303 1998 uec
324 1942 410 2016 primi
430 1951 489 2002 tres
510 1960 612 2002 uersus
633 1944 692 2002 ullo
712 1944 804 2002 modo
827 1954 996 2020 separantur
1019 1961 1036 2000 a
1059 1943 1256 2020 sequentibus,
1276 1953 1307 2002 et

156 2037 261 2095 melius
282 2038 402 2114 epodon
423 2037 551 2100 facerent
567 2052 625 2100 tres
645 2041 745 2100 ultimi.
788 2041 966 2118 Quanquam
987 2059 1024 2099 ne
1041 2039 1170 2117 Epodon
1187 2041 1307 2116 quidem

157 2133 290 2195 admitto.
339 2135 392 2195 Est
415 2138 494 2195 enim
519 2139 701 2198 mesodicum
724 2157 850 2209 carmen,
875 2139 971 2214 posito
998 2140 1026 2194 ἐν
1047 2137 1120 2214 μέσῳ
1142 2138 1224 2215 quod
1248 2138 1306 2214 pri-

156 2231 282 2290 marium
306 2242 351 2292 est
370 2232 418 2291 Di
434 2237 535 2310 magni
551 2234 710 2293 horribilem
731 2242 757 2292 et
773 2253 885 2294 sacrum
902 2234 1030 2306 libellum,
1052 2235 1186 2312 utrinque
1208 2246 1307 2294 autem

157 2330 309 2390 collocatis
329 2332 475 2391 undecim.
525 2331 639 2392 Priores
661 2333 768 2392 cadunt
792 2335 822 2392 in
843 2351 911 2408 344,
932 2334 1108 2408 posteriores
1129 2343 1178 2391 aut
1197 2332 1227 2390 in
1246 2347 1305 2406 353

157 2439 208 2487 aut
227 2429 308 2506 quod
327 2431 421 2506 magis
442 2431 537 2506 probo
553 2449 621 2504 443.
662 2431 753 2489 Amat
773 2431 850 2488 enim
865 2429 996 2488 Catullus
1017 2448 1111 2490 nouas
1131 2430 1271 2502 περικοπὰς
1290 2447 1309 2488 a

156 2520 303 2586 uacabulo
317 2526 397 2586 Nam
418 2530 553 2604 incipere,
573 2539 605 2588 ut
619 2529 672 2587 Vl.
688 2531 716 2594 6.
731 2529 799 2588 XII.
816 2548 861 2602 14,
876 2529 961 2588 XIII.
979 2549 1024 2601 rr,
1039 2528 1121 2586 XVI.
1138 2543 1164 2602 5,
1181 2526 1307 2587 XXXV.

159 2639 187 2698 5,
209 2624 352 2683 XXXVI.
375 2645 402 2700 3,
425 2625 533 2683 XLIV.
551 2644 596 2696 10,
618 2625 726 2685 LXIV.
751 2629 797 2702 76,
817 2641 966 2702 105‚177‚
988 2628 1056 2701 366,
1078 2623 1218 2685 LXVIII.
1241 2623 1307 2704 (51)

157 2721 225 2800 (89)
248 2721 344 2802 (119),
370 2724 507 2784 LXXVI.
525 2737 551 2798 7,
574 2723 699 2784 XCVII.
716 2741 743 2799 5,
766 2725 875 2784 XCIX.
893 2740 919 2800 7.
972 2724 1076 2802 Itaque
1099 2743 1217 2784 uersum
1239 2724 1309 2784 Non

157 2841 212 2880 non
225 2822 277 2880 hoc
290 2824 344 2881 tibi
356 2823 430 2882 salse
446 2825 487 2882 sic
503 2823 589 2882 abolit
605 2835 740 2900 quartum
761 2823 836 2884 facio
854 2828 993 2896 περικοπῆς
1012 2829 1058 2890 Ββ.
1101 2823 1187 2883 Certe
1209 2825 1308 2900 singu-

158 2917 252 2980 larum
274 2927 420 2993 πιρυωπῶν
440 2922 514 2979 mira
534 2921 576 2980 sic
598 2921 719 2980 efficitur
739 2921 902 2998 responsio,
920 2939 988 2980 cum
1002 2931 1041 2977 Aa
1053 2944 1086 2973 =
1098 2932 1143 2994 Ba,
1158 2927 1201 2989 Λβ
1213 2945 1245 2974 =
1259 2927 1309 2993 Ββ,

157 3029 198 3095 Δγ
211 3043 244 3072 =
257 3030 304 3092 Βγ,
320 3039 374 3079 nec
389 3038 512 3080 numero
527 3019 623 3080 solum
638 3021 792 3080 sedetiam
807 3040 837 3080 re
851 3021 1076 3080 concinentium.

200 3141 236 3201 C.
250 3140 348 3198 ‘XXV
360 3143 400 3200 *in
421 3141 519 3200 medio
541 3141 630 3200 habet
652 3141 759 3200 furtum
776 3140 873 3200 Thalli
892 3141 994 3220 (6-8);
1016 3142 1071 3202 hos
1090 3142 1269 3218 praecedunt
1290 3162 1308 3217 3

158 3257 262 3299 uersus
286 3239 316 3296 in
341 3239 446 3316 quibus
473 3239 620 3310 cinaedus,
645 3259 660 3296 a
683 3240 713 3297 in
734 3239 839 3315 quibus
862 3238 907 3297 fur
932 3238 1034 3298 dicitur
1059 3239 1268 3315 conparatione
1291 3258 1310 3298 a

159 3337 289 3415 procella
313 3336 416 3410 ducta3
449 3348 512 3395 tum
539 3347 607 3413 post
634 3336 779 3396 mesodon
809 3355 826 3410 3
852 3346 988 3394 secuntur
1010 3334 1116 3414 (9-11)
1141 3336 1309 3396 mInitantes

159 3435 343 3512 supplitium,
368 3433 529 3513 2(ra,13)
552 3434 762 3510 conparatione
786 3453 803 3492 a
828 3435 895 3492 naui
917 3431 1029 3493 ducta¹.
1072 3433 1152 3492 Nihil
1170 3434 1228 3492 hoc
1247 3453 1309 3493 car-

158 3535 237 3592 mine
269 3533 440 3592 concinnius
468 3533 493 3591 si
521 3533 645 3608 partium
673 3532 834 3608 respexeris
865 3531 1098 3607 aequabilitatem
1109 3551 1117 3603 ;
1147 3536 1237 3604 σχῆμα
1264 3543 1309 3592 est

160 3649 371 3706 32.3.3a.
412 3630 451 3700 Et
471 3630 512 3688 sic
526 3629 668 3689 Frankius
688 3631 742 3688 nisi
765 3630 846 3708 quod
868 3629 984 3706 5quod
1008 3629 1142 3705 utrinque
1167 3639 1224 3687 stat
1247 3647 1308 3688 non

158 3731 263 3788 iterum
277 3729 307 3786 in
325 3746 361 3802 32
377 3727 503 3787 resoluit.

200 3851 235 3911 C.
251 3851 351 3910 XLIV
364 3852 439 3910 miro
454 3861 482 3909 et
496 3852 578 3928 quasi
595 3861 784 3928 praepostero
804 3851 925 3910 artificio
943 3851 982 3909 ita
1001 3850 1156 3925 conposuit
1176 3847 1307 3909 Catullus
1404 3907 1407 3916 ,

158 3959 191 4008 ut
213 3950 325 4008 numeri
346 3949 442 4008 eidem
462 3959 560 4007 essent
575 3967 593 4006 a
609 3949 667 4007 fine
686 3948 914 4025 regredientibus
934 3947 972 4007 ad
992 3947 1104 4004 initium
1124 3949 1174 4024 qui
1192 3947 1306 4006 fuerant

159 4049 198 4106 ab
217 4047 299 4106 initio
315 4047 565 4124 progredientibus
585 4046 623 4105 ad
640 4047 737 4106 finem.
780 4045 913 4104 MedIum
927 4055 1027 4104 tenent
1043 4062 1060 4118 3
1075 4062 1186 4115 uersus,
1202 4045 1308 4121 quibus

194 4235 203 4265 ¹
219 4235 287 4290 Hinc,
299 4249 352 4282 cum
364 4251 377 4282 a
389 4235 447 4281 mari
463 4237 638 4295 conparationes
653 4235 688 4282 bis
706 4234 804 4290 duxerit,
817 4234 916 4294 suspicor
928 4233 1039 4280 Thallum
1055 4249 1085 4280 ex
1102 4234 1128 4280 iis
1144 4233 1213 4279 luisse
1229 4233 1267 4293 qui
1285 4241 1310 4280 ut

159 4320 216 4366 dicit
235 4327 315 4366 auctor
335 4318 480 4366 Catalect.V
499 4319 583 4364 flauum
605 4326 697 4378 propter
718 4317 832 4378 ThybrIm
853 4317 939 4363 olentes
963 4316 1080 4362 nauticum
1100 4316 1217 4362 uocabant
1239 4317 1309 4378 (23);

160 4411 221 4449 certe
238 4401 338 4462 quisquis
355 4399 393 4446 hic
404 4399 499 4446 Thallus
517 4401 560 4447 suit
577 4400 719 4461 (quentium
737 4400 803 4446 luisse
817 4413 864 4446 non
875 4413 968 4458 possum
980 4399 1105 4444 concedere
1116 4396 1249 4457 Schwabio)
1261 4413 1308 4444 nou

160 4483 259 4530 multum
275 4482 407 4530 abhorrete
421 4481 477 4528 Luci
489 4482 552 4530 letius
564 4482 663 4544 imagine
674 4481 716 4528 nisi
728 4481 791 4541 quod
802 4480 840 4528 hic
851 4481 925 4528 senior
938 4481 1044 4541 idemque
1055 4479 1159 4542 egentior
1170 4479 1304 4527 describitur

688 4588 779 4636 002
