3136 5060
252 421 314 480 8²8
716 417 932 482 Excvssvs

253 605 363 666 coitum
381 621 416 666 ac
434 606 603 682 scorpiones
618 604 793 666 credebatur
808 605 917 684 aliquid
933 619 999 666 esse
1013 619 1170 665 commune
1178 621 1187 675 ;
1208 617 1280 662 nam
1295 617 1404 660 secun-

255 703 325 762 dum
340 703 463 762 Plinium
479 703 533 776 (H.
544 703 583 763 N.
597 703 771 763 XXXVIII.
783 707 836 778 44)
856 704 1020 783 scorpionis
1039 721 1140 763 morsu
1158 703 1207 762 icti
1225 703 1308 761 coitu
1322 700 1405 759 leua-

254 799 367 872 buntur,
377 819 526 860 uenenum
539 811 638 862 autern
652 803 682 860 ln
695 803 847 862 mulierem
861 804 1009 862 transibat
1027 802 1063 862 cf.
1074 802 1175 861 Munil.
1184 801 1225 859 11.
1237 802 1307 872 462.
1337 797 1405 856 Neo

254 898 316 958 iure
333 899 444 958 mireris
458 899 538 976 quod
553 901 685 978 scorpius
699 901 761 960 sedi
776 902 945 980 suppositus
959 901 1052 971 fuerit,
1067 919 1135 960 cum
1153 899 1282 958 Lucilius
1297 897 1406 955 dixerit

254 997 333 1072 apud
344 995 474 1058 Nonium
486 1000 525 1072 65
540 996 579 1058 St'
588 999 699 1058 nauhu
709 1001 841 1058 nomm
852 1001 992 1075 repressi!
1001 1017 1127 1058 crassam
1137 1005 1164 1056 el
1174 1000 1335 1073 capriatam.
1363 996 1406 1052 Ar

253 1095 425 1172 scorpiones
445 1096 537 1173 ignoti
558 1096 709 1158 Romanis.
751 1098 829 1158 Audi
848 1097 973 1158 Pliuium
988 1097 1027 1156 H.
1041 1096 1079 1156 N.
1095 1096 1148 1155 XI.
1161 1099 1200 1173 89
1215 1093 1411 1168 Saserna·

253 1195 306 1270 σαί
320 1195 491 1269 reliquorum
505 1215 606 1254 ummo
619 1201 762 1255 terraram
776 1195 928 1255 ramberte
941 1203 1070 1273 quautam
1082 1197 1132 1254 sui
1143 1214 1231 1253 causa
1242 1194 1405 1269 peregriner

254 1292 337 1350 παῖε)
360 1294 501 1369 t'rapleum
520 1291 645 1364 ῙΙαΙὶαιπ,
664 1295 713 1353 hos
737 1314 838 1371 quoque
863 1297 1013 1372 importare
1035 1295 1129 1352 conati
1148 1300 1222 1364 murt,
1236 1293 1288 1349 sed
1309 1293 1406 1348 utiam

254 1391 333 1448 rotro
347 1388 443 1450 Siculi
457 1394 531 1451 caeli
546 1395 680 1470 regionem
701 1411 755 1450 noa
769 1399 889 1470 pomero.
938 1392 1074 1451 Vriualur
1092 1399 1181 1450 tomen
1201 1390 1356 1466 alapam
1374 1391 1405 1451 in

255 1486 345 1551 Itau'a
364 1491 415 1548 sed
430 1490 545 1550 ι’πποτκί
560 1491 704 1568 mulosque
720 1493 789 1551 oleis
806 1494 837 1550 r'n
857 1493 922 1550 locri
941 1497 974 1549 ul
989 1493 1066 1550 cr‘rca
1079 1491 1213 1550 Pharum
1228 1491 1259 1546 in
1273 1489 1404 1566 Aegjpo.

257 1587 356 1647 Potuit
369 1589 454 1666 Igitur
467 1591 630 1666 scorpionis
644 1590 739 1650 forma
753 1601 824 1650 nota
837 1609 902 1651 esse
917 1589 1078 1662 Romanis3
1099 1605 1270 1666 quanquam
1288 1605 1329 1646 ne
1348 1587 1405 1646 hoc

256 1689 378 1768 quidem
399 1691 596 1751 necessarium
620 1702 690 1763 erat,
710 1711 780 1752 nam
802 1691 933 1752 Catullus
958 1691 1081 1751 sortasse
1104 1690 1252 1750 Graecum
1276 1687 1406 1764 aliquem

257 1789 385 1849 Imitatus
404 1799 448 1848 est
468 1789 718 1866 quemadmodum
736 1789 803 1848 XV.
821 1807 857 1864 ¹9
879 1788 1027 1867 raphanos
1047 1787 1230 1864 mugilesque
1250 1785 1367 1845 uidetuu
1387 1803 1406 1844 a

258 1887 380 1950 Graecis
394 1889 598 1966 desumpsisse.
640 1888 682 1948 Vt
700 1889 759 1948 mm
777 1889 816 1950 ad
829 1889 982 1949 Platonem
1002 1889 1165 1960 redeamus,
1179 1886 1250 1966 quid
1266 1887 1304 1946 de
1317 1903 1407 1946 uersu

257 1989 444 2048 statuendum
457 1989 511 2048 erit
524 2006 612 2065 quem
626 2005 714 2066 supra
727 1989 900 2048 citauimusl
927 1987 999 2048 Non
1012 1997 1058 2048 est
1070 2005 1122 2047 cur
1134 1986 1260 2046 multum
1274 1987 1405 2056 haereas,

257 2103 327 2146 nam
346 2104 383 2146 ex
400 2095 522 2162 utraque
542 2084 667 2146 lectione
686 2086 769 2146 iocus
789 2087 888 2146 euadit
906 2086 968 2160 παρ’
982 2087 1112 2144 ἐπόνουν.
1153 2083 1233 2144 Nam
1246 2085 1273 2144 si
1286 2085 1407 2144 codices

259 2185 350 2245 secuti
364 2185 525 2244 scribemus

462 2323 588 2400 xeoprios
600 2321 633 2380 αὖ
646 2321 759 2380 miore}
767 2346 799 2398 γ
812 2327 864 2380 oni
876 2325 923 2380 τὸν
935 2325 1055 2398 προσὸν
1068 2323 1188 2380 incidor

259 2483 348 2552 poeta
368 2472 468 2550 incipit
487 2472 570 2550 quasi
591 2471 629 2531 de
649 2472 730 2548 pisce
751 2471 888 2543 dicturrns,
908 2471 961 2532 sed
982 2489 1050 2531 cum
1073 2472 1209 2530 subiisset
1229 2472 1336 2530 uermis
1356 2471 1404 2531 iiie

257 2571 386 2648 scorpio,
401 2571 467 2630 iooo
480 2567 548 2630 hinc
562 2570 653 2647 petito
667 2587 783 2629 uersum
797 2569 899 2630 clausit
906 2589 916 2642 ;
936 2570 982 2629 sin
996 2571 1086 2629 uerba
1099 2589 1167 2630 cum
1180 2569 1319 2629 Elmsleio
1336 2581 1405 2647 post

260 2669 294 2726 ad
313 2670 565 2745 interrumpemus,
579 2667 670 2728 altero
690 2685 779 2728 seusu
797 2678 884 2746 poeta
902 2669 1013 2745 piscem
1032 2668 1113 2740 dixit,
1127 2669 1219 2728 altero
1235 2669 1406 2729 uermemis

260 2767 311 2844 qui
332 2775 437 2842 poetae
457 2765 548 2824 uerba
567 2767 735 2826 recitantem
755 2767 925 2844 interpellat.
967 2765 1026 2826 Hic
1047 2767 1156 2845 siquis
1176 2767 1254 2827 dieat
1273 2785 1407 2827 uermem

260 2862 379 2942 quidem
400 2863 586 2940 scorpionem
611 2865 805 2941 significatum
828 2882 847 2923 a
870 2864 993 2936 Catullo,
1017 2865 1091 2943 pisci
1114 2866 1193 2925 enim
1213 2866 1245 2924 in
1265 2867 1407 2925 tabernae

260 2963 357 3022 fronte
371 2961 470 3023 locum
483 2982 546 3023 non
559 2965 630 3037 dari,
645 2965 724 3026 idern
737 2976 836 3024 tamen
854 2975 942 3042 neget
960 2967 1148 3043 scorpionum
1166 2967 1197 3025 iu
1212 2967 1407 3026 moechorum

261 3061 406 3140 supplicio
432 3063 612 3122 mentionem
639 3065 701 3124 lieri
727 3065 783 3124 nisi
810 3065 953 3142 piscium
982 3065 1179 3142 quaerendam
1207 3066 1293 3142 igitur
1317 3067 1406 3124 aliam

262 3161 405 3220 rationem
424 3179 543 3221 uersum
564 3163 745 3240 explicandi3
767 3163 863 3241 possis
881 3163 964 3224 locos
981 3163 1084 3223 afferre
1102 3164 1202 3241 quales
1222 3174 1291 3223 sunt
1309 3163 1407 3224 Photii

262 3278 292 3337 p.
308 3262 367 3337 629
382 3261 428 3320 ed.
443 3259 556 3322 Porson
572 3262 638 3320 Ὑπὸ
655 3265 733 3320 πόση
749 3265 817 3339 tto,
835 3265 968 3337 σκορπίος·
988 3264 1105 3319 molares
1124 3261 1225 3320 ὕπεστι·
1245 3265 1352 3336 λέγω
1364 3265 1408 3320 e'rt

262 3363 316 3418 πόν
329 3361 459 3432 mardie
471 3363 513 3418 rol
525 3361 568 3418 ini
580 3363 724 3436 ἐρισηκῦι.
766 3360 810 3420 Id.
824 3379 854 3438 p.
867 3363 926 3436 32⁶
946 3360 1106 3418 ὀπῶπονν
1126 3365 1252 3435 Κρατῖνος
1265 3365 1405 3436 epinau-

262 3458 412 3517 Ὀιπῦποω
438 3459 585 3534 dnytipots'
612 3460 670 3517 duel
695 3464 743 3518 ποῦ
769 3459 904 3534 σκορπίον
934 3461 1058 3534 supuda
1085 3461 1144 3536 ydp·
1175 3457 1300 3534 mpetu
1326 3459 1408 3517 ὅππό·

261 3577 331 3614 πσιπ
349 3557 497 3632 rinyeiprts·
516 3560 545 3616 ὸ
563 3560 593 3616 de*
612 3563 669 3617 ruis
687 3558 824 3631 Αἰσχύλον
844 3556 979 3632 :arpino
998 3558 1015 3629 ἦ
1036 3556 1132 3614 Austro
1150 3559 1333 3627 ἐπιθειιίξουσσ
1350 3562 1408 3617 παῖε

265 3653 489 3731 Βόπχωεφησίι·
516 3651 954 3736 ὄπποδόπδῶοΙῦπέρχπω
977 3658 1132 3730 oropo-pade
1155 3657 1191 3714 eis
1215 3651 1406 3728 dxporaripoi

264 3755 375 3824 πέσημα
387 3755 513 3828 γλόσσης
528 3755 655 3828 σπορπίσυ
668 3757 749 3821 βίλοπ
760 3753 839 3827 λέγω.
873 3751 1040 3828 Hesychius
1053 3751 1243 3824 Σκορσισὶνεπσι
1255 3752 1407 3824 ἐρεθίζεται.

266 3848 371 3910 Suidas
398 3853 609 3924 Σκορπισίκσθσι
634 3851 839 3925 ἆπσθηρισῦσθω
864 3850 1038 3925 τρσχῦκσθσι
1064 3849 1209 3919 ἅπανθαδίζ
1220 3851 1283 3906 σθαι
1307 3893 1408 3908 .....

265 3953 419 4024 npoairws·
434 3947 490 4006 ’liv
507 3953 535 4009 δι’
553 3951 603 4024 dpu
621 3951 637 4022 ἦ
656 3952 778 4025 θεσδόρσ
796 3951 958 4024 σκορπωδὴς
971 3947 1105 4026 (sorim
1120 3942 1258 4024 πληκτικὴ)
1271 3951 1314 4003 καὶ
1327 3947 1409 4022 ὀργὴν

258 4049 393 4128 ¹eructarunt·
414 4049 520 4126 quibus
532 4067 570 4109 ex
583 4047 721 4108 omnibus
734 4056 855 4126 apparet
868 4047 1038 4123 scorpiones
1051 4045 1147 4106 dictos
1162 4045 1251 4104 fuisse
1268 4063 1407 4106 morosos

265 4155 295 4204 et
316 4146 473 4226 iracundos
493 4146 628 4206 homines
645 4147 725 4226 (utor
742 4146 840 4226 uerbis
853 4143 1045 4225 Hildebrandi
1065 4145 1103 4203 ad
1122 4144 1210 4221 Apul.
1224 4143 1276 4204 IX
1294 4141 1410 4223 17)qui

265 4244 372 4316 ᾖρπόπεσ
391 4244 423 4301 ed
443 4245 554 4319 tr'rrpoo,
575 4244 696 4320 ᾅπονπες
717 4247 792 4318 δεῦρο
813 4243 914 4318 κᾴκεῖσε
936 4243 1100 4318 (Demosth.
1119 4245 1191 4319 786)
1214 4244 1293 4302 icunl
1314 4245 1409 4322 inopi-

258 4351 380 4418 ¹nantes.
422 4343 511 4404 Tales
536 4345 630 4404 solent
652 4363 718 4405 esse
739 4344 863 4422 zelotypi
887 4343 997 4416 mariti;
1021 4343 1085 4402 talis
1109 4353 1170 4402 erat
1191 4341 1338 4401 Burbams
1361 4343 1410 4402 ille

268 4441 347 4517 apud
374 4440 531 4517 Apuleium
556 4443 621 4516 (IX.
643 4439 692 4520 η)
717 4459 805 4519 quem
829 4441 999 4518 Scorpionem
1021 4453 1095 4517 proc
1121 4459 1227 4512 mum
1254 4443 1411 4500 comosa
