3136 5060
632 398 689 457 AD
719 398 813 457 XXV.
835 415 861 472 5.
1259 403 1316 458 313

174 578 211 636 ln
233 580 339 656 quibus
363 593 461 658 aperte
482 593 651 660 corruptum
672 593 717 642 est
738 601 838 654 aues;
869 600 937 642 nam
962 600 1017 641 nec
1038 591 1162 642 metrum
1185 593 1242 642 stat
1262 600 1317 643 nec

173 677 300 752 priorem
315 689 427 756 partem
441 699 543 740 uersus
557 681 587 738 in
602 699 647 740 -es
664 681 769 740 exiisse
788 680 877 739 credo
897 699 935 738 ne
952 699 1036 740 aures
1057 681 1220 740 offenderet
1240 683 1317 741 eius·

173 776 254 836 modi
267 777 413 852 πορὴχησιι
427 779 457 836 in
471 779 639 856 posteriore.
680 777 764 838 Idem
782 778 858 838 cadit
875 779 962 837 etiam
979 780 1010 838 in
1031 779 1141 839 alites.
1184 779 1213 839 Si
1228 780 1317 838 totius

172 872 231 932 loci
252 877 424 936 sententiam
442 877 621 953 respicimus,
642 877 756 936 uidetur
770 875 900 936 Catullus
917 876 975 935 hoc
995 876 1172 954 significare;
1195 877 1317 937 ‘Thalle

173 973 245 1050 ‘qui
266 974 453 1034 mollissimus
474 993 507 1035 es
529 987 615 1053 atque
632 976 710 1035 idem
730 977 934 1053 rapacissimus
955 976 979 1034 si
998 974 1071 1035 sorte
1089 976 1186 1053 aliqua
1206 977 1317 1035 occasi-

172 1075 285 1130 ‘onem
307 1083 409 1133 nactus
423 1093 454 1133 es
475 1074 597 1146 furandi,
620 1093 672 1151 per
694 1074 910 1150 neglegentiam
928 1092 1030 1132 eorum
1055 1075 1228 1150 quibuscum
1251 1092 1316 1133 uer·

172 1169 280 1229 ‘saris'
299 1172 346 1230 uel
366 1173 390 1230 si
409 1173 512 1248 legitur
534 1172 693 1232 offendet
716 1171 845 1244 ‘Thalle
860 1173 910 1249 qui
924 1173 1110 1232 mollissimus
1130 1191 1162 1232 es
1180 1173 1316 1249 idemque

173 1270 416 1346 ‘rapacissimum
445 1272 557 1330 remitte
580 1271 650 1330 mihi
673 1289 749 1348 quae
771 1289 839 1329 mea
864 1281 931 1330 sunt
956 1271 980 1329 si
1004 1271 1191 1330 occasionem
1213 1280 1317 1330 nactus

172 1365 259 1426 fueris
275 1369 382 1444 aliquid
395 1387 432 1428 ex
446 1370 507 1430 aliis
523 1369 637 1428 furandi
647 1370 671 1428 ι’
702 1369 788 1429 Vnde
807 1371 831 1428 si
850 1370 887 1428 de
902 1370 1005 1428 auibus
1024 1369 1095 1428 dixit
1108 1367 1239 1428 Catullus
1258 1369 1316 1428 hoc

172 1463 247 1536 loco,
263 1466 341 1538 dixit,
355 1478 387 1527 ut
405 1469 526 1540 uidetur,
542 1486 594 1546 per
613 1468 824 1545 metaphoram,
841 1477 891 1527 aut
910 1469 934 1526 si
955 1487 1024 1527 aues
1043 1469 1170 1544 respexit
1189 1477 1221 1527 ut
1239 1469 1316 1544 quae

173 1564 291 1640 signum
319 1565 420 1626 darent
446 1567 599 1643 procellae,
623 1567 699 1626 hanc
727 1567 969 1642 significationem
994 1585 1062 1626 cum
1086 1567 1134 1626 illa
1156 1567 1314 1626 coniunxit.

172 1662 237 1721 lam
258 1667 407 1740 quaerenti
428 1666 464 1725 de
484 1683 611 1742 quanam
630 1684 685 1724 aue
703 1666 764 1725 iure
783 1667 918 1726 oscitutio
937 1666 984 1725 illa
1005 1665 1060 1724 dici
1083 1667 1216 1743 potuerit,
1235 1665 1315 1724 uenit

172 1762 203 1820 in
223 1773 352 1822 mentem
371 1765 470 1836 κέπφοι
492 1763 538 1822 ille
558 1764 789 1841 Aristophaneus
807 1765 857 1841 qui
877 1765 974 1823 auium
993 1764 1177 1824 stultissimus
1200 1764 1315 1823 habitus

172 1871 225 1920 est.

212 1995 359 2072 Aristoph.
382 1994 443 2054 Pax
461 1999 535 2070 1067
558 1999 599 2052 καί
622 2000 718 2066 κέπφοι
739 1998 868 2069 τρήρωνες
890 1995 1078 2053 άλωπεκιδεῦσι
1098 1995 1223 2052 πέπεισθε
1243 1993 1271 2053 h.
1286 2014 1312 2054 e.

173 2092 356 2154 stultissimae
376 2095 536 2171 palumbes.
579 2093 624 2152 lbi
645 2092 807 2153 Scholiasta
826 2097 931 2166 κίπφοι·
952 2096 1040 2164 εὔηθες
1054 2097 1147 2163 <davd
1165 2095 1266 2168 κέπφοι
1282 2093 1314 2149 οδ

170 2194 293 2264 μέμνηται
307 2195 347 2248 καί
361 2197 503 2266 Νίκανδρος
518 2192 664 2269 (Alexiph.
683 2195 752 2266 170)
768 2192 922 2266 κολἌρατσς
934 2195 993 2265 περὶ
1007 2199 1059 2248 τῶν
1073 2195 1214 2264 διοσημιῶν
1227 2196 1313 2250 διαλε·

171 2295 287 2364 γόμενσς,
303 2289 388 2370 (184)
402 2295 443 2348 καὶ
457 2294 625 2364 Καλλίμαχος
644 2293 671 2346 έν
687 2295 742 2349 τοῖς
759 2293 870 2361 ίάμβαις·
891 2292 919 2346 έκ
939 2293 967 2347 δέ
985 2294 1031 2362 τῆς
1049 2293 1187 2362 θαλάσσης
1205 2295 1249 2362 ζῇν
1266 2295 1313 2348 αὖ·

172 2391 217 2443 τδν
230 2392 363 2463 λέγουσιν,
378 2391 499 2446 ε’σθίοντα
511 2392 557 2446 τδν
569 2391 662 2462 άφρόν.
705 2386 777 2446 Είναι
793 2391 822 2446 δέ
841 2391 920 2446 αὐτὸν
932 2391 1017 2445 πολὺν
1029 2392 1077 2461 μέν
1091 2393 1123 2445 έν
1131 2395 1186 2448 τοῖς
1198 2396 1313 2465 πτεροῖς,

172 2485 263 2561 ίλιγδν
275 2490 304 2544 δέ
323 2491 351 2545 έν
366 2493 422 2547 ταῖς
438 2487 538 2561 κρέασι,
556 2491 597 2544 καί
617 2491 764 2563 κεκραγέναι
779 2487 912 2545 ὠδίνοντα·
934 2489 994 2544 ὅθεν
1013 2491 1133 2562 γενέσθαι
1154 2491 1201 2560 τὴν
1220 2513 1313 2564 παροι-

171 2587 231 2656 μίαν
244 2589 362 2660 ικέιεφος
375 2585 471 2643 ὦδίνει’
490 2587 533 2642 ε’πί
551 2593 603 2642 τῶν
615 2589 846 2661 ἐπαγγελλομένων
863 2589 910 2658 μίν
923 2589 1031 2660 μεγάλα,
1045 2590 1125 2658 μηδέν
1138 2589 1167 2644 δέ
1180 2589 1254 2660 άξιον
1266 2592 1313 2660 τῆς

171 2684 326 2759 ε’παγγελίας
345 2685 494 2742 ποιούντων.
537 2683 610 2743 Plut
626 2703 684 2760 912
709 2685 730 2740 δ
750 2685 841 2758 κέπφε,
863 2685 912 2744 ubi
935 2684 1112 2744 scholiastae
1136 2685 1225 2760 ὄρνεον
1248 2687 1313 2761 ὅπερ

170 2786 247 2856 φιλεῖ
259 2783 347 2858 α’φρδν
357 2784 494 2840 θαλάττιον
507 2784 613 2840 ίσθίειν·
632 2785 707 2840 καλοί
720 2784 809 2841 naides
819 2789 870 2838 τῶν
879 2783 973 2838 ἁλιέων
983 2786 1159 2854 λαμβάνοντες
1171 2787 1217 2840 τὸν
1226 2785 1314 2858 άφρδν

170 2882 294 2954 ῥέπουσι
307 2885 338 2938 τδ
350 2887 455 2955 πρῶτον
467 2881 600 2956 πείῤῥοθεν
612 2879 666 2939 είτα
680 2880 808 2956 έγγίτατα
825 2878 881 2938 είτα
900 2883 936 2939 είς
955 2885 1001 2953 τὴν
1019 2885 1094 2956 χεῖρα
1110 2884 1156 2938 τὸν
1169 2884 1255 2956 άφρδν
1271 2875 1314 2940 καλ

170 2979 251 3038 οὗτος
271 2983 381 3053 εὐχερῶς
399 2980 539 3054 άγρεῦονσι
559 2983 599 3036 καί
618 2981 660 3037 έπί
679 2987 731 3037 τῶν
744 2981 894 3053 ἀλογίστων
906 2981 1006 3054 ἀνδρῶν
1019 2986 1097 3037 τοῦτο
1111 2981 1148 3039 είς
1164 2983 1313 3053 παροιμίαν.

165 3077 277 3136 Ἄλλος.
299 3079 390 3149 άνθητε
407 3081 497 3150 κοῦφε.
534 3078 554 3133 δ
567 3081 612 3134 τδν
626 3082 687 3133 νοῦν
699 3081 819 3150 μετέειρε·
840 3077 909 3151 ὅρνις
927 3081 978 3152 γάρ
997 3081 1135 3136 θαλάττιος
1152 3081 1184 3135 τδ
1202 3082 1311 3152 κίπφος,

168 3179 330 3249 κονφθτατον
343 3178 450 3250 σφόδρα
463 3181 501 3253 τῷ
512 3177 590 3253 άφρᾷ
603 3177 803 3249 διατρεφόμενον
816 3178 858 3232 διδ
872 3181 916 3248 τῆς
931 3179 1059 3247 θαλάττης
1076 3179 1117 3232 καί
1134 3179 1202 3234 πάνυ
1220 3177 1313 3250 ὀλίγον

168 3277 230 3347 ἔχον
257 3277 395 3348 σαρκόδες.
431 3276 547 3332 Ἄλλος·
575 3275 596 3330 ὦ
620 3278 789 3330 εὖτελέστατε
814 3277 855 3331 καί
876 3276 951 3330 λαλε·
982 3277 1052 3347 φασί
1071 3277 1122 3349 γδρ
1142 3277 1188 3330 τδν
1209 3278 1312 3348 κέπφον

168 3375 257 3444 εὐτελῆ
278 3376 320 3429 καί
338 3376 428 3430 λάλον.
465 3373 579 3430 Ἀλλως.
601 3373 804 3428 δείντελέστατε
825 3375 865 3428 καί
886 3375 962 3428 λάλε·
983 3375 1053 3445 φασί
1072 3375 1123 3446 γάρ
1144 3374 1189 3429 εδν
1209 3375 1310 3446 κε’πφον

167 3471 354 3527 εὐτελέστατον
376 3473 416 3526 καί
439 3473 529 3528 λάλον.
565 3471 654 3543 ὄρνεον
673 3473 725 3545 γδρ
751 3473 846 3546 ἆφρον,
875 3473 938 3545 ὅπερ
965 3475 1040 3542 φιλεῖ
1062 3471 1147 3543 άφρδν
1170 3473 1311 3527 θαλάττιον

167 3568 271 3626 έσθίειν.
302 3573 381 3625 τοῦτο
402 3572 558 3640 βανλόμνοι
582 3573 607 3624 σί
631 3577 682 3626 τῶν
704 3571 798 3626 άλιέων
818 3573 907 3628 παῖδες
928 3572 1116 3644 χειρώσασθαι,
1134 3568 1259 3644 ῥίπτουσι
1279 3574 1311 3624 τὸ

165 3674 270 3742 πράτον
282 3667 414 3741 τόῤῥαθεν
433 3669 527 3742 ιίφρδν,
546 3663 601 3724 eim
621 3667 757 3742 ε’·γγιίτοτο,
779 3665 834 3725 είτα
854 3671 967 3742 φέρουσι
986 3673 1063 3724 τοῦτο
1083 3670 1112 3724 έν
1131 3672 1186 3725 ταῖς
1206 3669 1308 3740 χερσίν,

165 3769 207 3824 καί
228 3765 294 3824 αἶσα
313 3769 378 3823 κατδ
398 3770 490 3840 μικρὸν
509 3767 656 3825 ἀπατῶντες
676 3769 787 3840 εὐχερῶς
806 3766 947 3841 άγρεθουσι
968 3771 1045 3822 τοῦτο
1067 3768 1181 3838 ε’μπεσδν
1204 3767 1240 3824 είς
1263 3768 1311 3822 τὸς

164 3869 254 3938 χεῖρας
266 3867 356 3922 αὐτῶν.
382 3863 502 3936 εἴληπται
520 3859 561 3921 οίν
574 3865 611 3922 είς
623 3866 761 3939 παροιμίαν
774 3865 817 3922 έπί
833 3871 884 3921 τῶν
899 3864 1048 3939 ἀλογίστων
1061 3865 1161 3939 άνδρῶν
1174 3867 1216 3922 καὶ
1233 3863 1310 3935 dval-

164 3985 225 4019 τενν.
246 3966 361 4020 καλείτω
374 3965 403 4020 δι’
417 3968 506 4021 κοινῶς
519 3965 608 4037 λάρος.

206 4155 287 4215 Arat.
303 4155 386 4215 Dios.
406 4159 470 4227 184,
487 4171 504 4228 5

370 4301 417 4354 Καί
430 4301 493 4352 πότε
508 4299 549 4353 καί
562 4298 664 4369 κέπφοι,
679 4297 751 4352 ὁπότ’
766 4299 844 4353 εὔδιοι
858 4297 1010 4367 ποτέονται,

367 4397 453 4452 Ἀντία
466 4398 616 4468 μελλόντων
629 4395 727 4468 ἀνέμων
741 4395 829 4464 είληδά
843 4397 976 4468 φέρονται.

717 4534 731 4578 S
746 4535 762 4578 S
