3074 5066
233 387 292 444 282
635 385 690 444 DE
715 385 974 447 PARTITIONE

232 585 268 640 32
292 611 298 626 .
323 579 338 640 7
362 609 369 626 .
394 583 431 642 13
456 567 536 644 quod
560 567 638 628 idem
663 567 730 628 lecit
752 567 903 638 Frankius,
929 567 1011 626 cuius
1033 567 1122 624 uerba
1149 565 1218 624 libet
1238 562 1379 640 prolerre.

231 663 313 736 ‘Qui
332 665 396 724 uice
415 665 558 740 prooemii
576 664 737 742 iunguntur
750 675 808 724 tres
828 664 913 740 primi
932 664 1066 724 uersiculi
1087 681 1211 721 numero
1235 680 1289 720 nec
1315 678 1380 718 nou

230 764 395 822 ‘sententia
416 763 523 822 similes
537 763 681 822 habentur
700 763 743 822 eis
757 763 863 840 quibus
880 780 999 822 cumen
1020 760 1219 822 concluditur:
1241 760 1280 819 cl.
1297 778 1314 817 a
1334 777 1379 835 sq.

230 865 237 891 ‘
252 857 301 918 Ni
312 863 371 918 seht
382 861 513 936 thlepriiae
526 867 606 935 atque
619 861 780 936 thelegantes
797 859 880 918 Vellet
893 860 981 918 dicere
993 879 1004 917 .·
1026 878 1054 916 u.
1070 875 1104 932 15
1120 877 1163 935 sq.
1188 857 1381 932 014111111ὶί-

230 958 322 1033 ‘quid
334 958 416 1016 habes
434 958 500 1016 bom·
513 959 639 1033 malique,
659 956 718 1016 Dic
737 958 821 1016 nobis.
864 958 1010 1017 Vndecim
1029 974 1101 1016 uero
1115 955 1256 1033 phalaecii
1272 955 1382 1014 abillis

231 1056 392 1114 ‘membris
413 1055 595 1116 circumclusi
616 1054 721 1134 (4-14)
741 1057 865 1116 ordinati
886 1057 926 1116 ita
946 1065 1014 1115 sunt
1034 1068 1066 1114 ut
1087 1056 1146 1114 duo
1168 1055 1253 1131 primi
1275 1054 1308 1131 (4
1321 1049 1381 1130 sq.)

229 1153 450 1229 ‘respondendi
478 1154 621 1214 rationem
646 1172 714 1213 cum
739 1155 876 1214 extremis
900 1153 1016 1212 duobus
1040 1154 1092 1231 (13
1118 1149 1176 1230 sq.)
1200 1153 1302 1210 ineant
1329 1151 1381 1222 (cf.

231 1257 280 1309 ί11.
296 1256 328 1324 4)
347 1253 433 1309 nescrb
453 1253 523 1328 quid
529 1250 702 1329 febriculosi
721 1249 819 1310 Scortr'
838 1252 934 1326 drlsgrn
943 1273 957 1318 ,·
979 1271 1007 1310 u
1023 1270 1058 1323 14
1073 1249 1134 1310 Net'
1148 1257 1179 1308 lu
1195 1249 1265 1326 quid
1274 1248 1383 1327 sactes

231 1355 238 1380 ‘
254 1350 438 1425 saepturum!

272 1495 306 1554 C.
321 1495 396 1554 VIlI
413 1495 592 1555 Ribbeckius
606 1498 648 1556 sic
663 1496 784 1556 ordinat.

447 1634 565 1711 Stroph.
607 1635 727 1694 Antistr.
785 1636 900 1713 Stroph.
976 1635 1094 1695 Antistr.

315 1753 370 1792 1-1
477 1751 535 1809 3-5
640 1737 699 1792 6-8
805 1753 880 1808 9-11
990 1753 1086 1805 11-14
1193 1749 1292 1807 15-19

230 1901 262 1949 ut
297 1890 370 1949 duas
404 1890 552 1948 contineat
587 1889 730 1966 strophas,
765 1889 838 1948 duas
873 1889 1077 1966 antistrophos‚
1110 1889 1195 1947 tn'um
1230 1904 1382 1964 quamque

230 2005 385 2058 uersuum;
408 1987 511 2064 prioris
532 1998 631 2046 autem
652 1987 789 2064 strophae
810 1989 920 2064 primus
934 2005 1035 2046 uersus
1058 1988 1093 2046 sit
1106 1985 1225 2044 Fulsere
1242 1986 1382 2060 quondam

228 2087 344 2144 candidi
364 2085 417 2144 tibi
435 2086 502 2144 soles
525 2085 644 2144 ultimus
666 2087 837 2163 antistrophi
858 2084 975 2144 Fulsere
999 2105 1061 2142 uere
1081 2085 1195 2142 cantd'di
1213 2084 1268 2142 tibi
1285 2084 1354 2142 soles
1365 2104 1381 2150 ‚-

229 2185 345 2244 alterius
371 2183 507 2260 strophae
532 2183 598 2244 finis
619 2184 654 2243 sit
676 2182 735 2243 Sed
751 2185 886 2244 obstem
906 2191 991 2243 mente
1003 2185 1111 2262 perfer,
1130 2185 1243 2254 obdura,
1265 2183 1381 2241 initium

230 2284 403 2360 antistrophi
435 2282 499 2341 Vale
522 2283 623 2358 puella,
653 2285 708 2340 ιἀηι
735 2281 866 2341 Catullus
893 2283 1018 2342 obdurat.
1066 2282 1125 2342 Sed
1152 2301 1213 2341 non
1241 2281 1311 2340 satis
1338 2282 1382 2340 sic

229 2382 388 2460 respondet
406 2381 485 2458 prior
499 2399 567 2458 pars
584 2381 720 2441 carminis
734 2381 887 2458 posteriori
895 2401 904 2453 3
926 2380 974 2440 illa
987 2382 1064 2441 enim
1080 2381 1154 2440 duos
1168 2398 1271 2440 uersus
1290 2379 1382 2438 habet

231 2484 318 2554 (1-2)
335 2500 354 2540 a
372 2483 475 2540 ceteris
496 2481 664 2552 disiunctos,
678 2481 750 2540 haec
772 2483 900 2558 quinque
917 2483 1042 2557 (15-19)
1064 2491 1093 2540 et
1112 2481 1167 2540 hos
1188 2499 1250 2539 nou
1271 2498 1324 2556 per
1340 2498 1379 2554 31

233 2579 344 2638 diuisos
366 2579 418 2637 sed
439 2597 491 2654 per
506 2597 554 2650 41.
595 2578 855 2639 AliterRichterus
874 2579 936 2638 ina
955 2597 1096 2655 333331.
1140 2577 1199 2638 Sed
1220 2579 1286 2654 quis
1307 2595 1381 2637 con·

231 2676 318 2735 cedat
334 2675 418 2746 Quem
435 2696 509 2734 num
522 2677 654 2736 amedei?
680 2679 759 2735 curias
779 2697 834 2736 esse
853 2678 977 2736 dz'cerr's?
1005 2695 1022 2736 a
1036 2687 1175 2754 sequente
1189 2695 1276 2735 uersu
1293 2675 1380 2748 Quem

229 2773 379 2831 bertedeld
408 2777 457 2832 mi
474 2775 574 2833 labella
597 2775 758 2834 mordebis?
799 2775 911 2852 seiungi
937 2776 1067 2853 posuisse
1095 2794 1113 2834 a
1137 2774 1274 2834 Catullo?
1317 2775 1379 2834 Sed

229 2879 328 2929 tamen
349 2869 418 2930 illud
440 2872 520 2947 quod
543 2874 691 2950 utriusque
714 2891 871 2933 commune
892 2883 936 2932 est
958 2884 990 2933 ut
1010 2873 1120 2951 primae
1142 2885 1199 2933 tres
1223 2883 1322 2949 partes
1346 2875 1378 2932 in

233 2987 248 3026 2
267 2985 283 3042 3
301 2987 318 3042 3
334 2968 540 3028 distribuantur
560 2971 591 3029 id
611 2989 667 3030 nec
686 2971 757 3030 mihi
776 2989 831 3030 nec
845 2971 971 3030 Frankio
986 2990 1042 3030 nec
1061 2971 1196 3048 cuiquam
1212 2989 1299 3047 spero
1315 2971 1380 3030 lore

229 3066 351 3124 dubium
379 3067 428 3142 qui
457 3068 593 3126 carminis
622 3068 784 3128 iuncturam
812 3069 948 3129 attentius
975 3069 1140 3145 inspexerit.
1198 3069 1258 3128 Sed
1285 3088 1378 3146 quam

229 3164 372 3222 rationem
387 3176 503 3224 secutus
521 3176 564 3225 est
580 3165 710 3226 Catullus
730 3167 761 3224 in
782 3167 926 3243 prioribus
947 3168 1067 3243 stropha
1087 3177 1117 3226 et
1137 3167 1331 3243 antistropho‚
1346 3179 1380 3227 ut

230 3279 306 3338 quae
326 3263 417 3321 uerba
437 3263 467 3320 in
492 3264 586 3340 primo
612 3280 699 3322 uersu
724 3263 860 3340 strophae
885 3265 982 3340 posuit
1007 3283 1043 3323 ex
1068 3265 1102 3322 iis
1123 3265 1243 3340 aliquod
1267 3275 1381 3341 repetat

231 3362 261 3418 in
282 3361 383 3420 ultimo
398 3379 485 3420 uersu
499 3361 679 3437 antistrophi,
694 3362 770 3421 hanc
785 3363 872 3421 etiam
887 3363 918 3422 in
935 3363 1142 3440 posterioribus
1162 3371 1295 3422 secutum
1315 3382 1380 3423 cre·

231 3458 363 3516 diderim.
405 3457 495 3529 Quod
517 3476 578 3517 non
599 3459 677 3517 cadit
698 3459 728 3517 in
749 3478 795 3518 uu.
816 3478 861 3531 11,
880 3479 914 3518 11
931 3478 998 3520 etun
1017 3479 1048 3518 11
1067 3461 1165 3518 tertius
1180 3461 1217 3519 sit
1230 3461 1379 3538 strophae,

235 3573 270 3613 11
292 3555 403 3632 primus
422 3555 606 3631 antistrophi‚
629 3556 707 3615 cadit
730 3557 760 3614 in
785 3575 885 3632 14,19
907 3559 957 3633 qui
978 3558 1091 3634 utrique
1112 3559 1253 3634 incipiunt
1273 3559 1318 3616 At
1338 3566 1380 3622 tu.

231 3651 335 3729 ltaque
361 3671 397 3725 14
421 3655 547 3729 primum
570 3672 687 3713 uersum
712 3655 857 3731 strophae,
881 3674 917 3732 ¹9
938 3657 1071 3716 ultimum
1093 3656 1169 3716 facio
1194 3657 1381 3733 antistrophi.

232 3749 388 3826 Stropham
403 3761 435 3810 ut
452 3751 587 3828 priorem,
603 3753 645 3811 sic
660 3769 770 3811 nouam
784 3753 844 3813 duo
859 3755 1038 3831 praecedunt
1051 3773 1153 3815 uersus
1160 3775 1170 3828 ;
1192 3765 1302 3814 restant
1322 3767 1382 3816 tres

232 3848 281 3924 qui
295 3849 440 3908 mesodon
456 3847 564 3908 iaciunt

393 4000 480 4061 Nunc
493 4004 550 4060 iam
565 4003 615 4061 atla
630 4022 683 4062 non
698 4005 779 4062 null:
798 4012 830 4063 tu
843 4025 945 4082 quoque
959 4009 1085 4084 sinpolcns
1099 4009 1159 4066 noli

393 4099 454 4158 Nec
467 4100 627 4178 quaesugr't
635 4108 747 4172 sectore,
762 4121 809 4160 nec
822 4105 906 4162 muer
920 4107 990 4176 urite,

394 4199 453 4260 Sed
462 4202 597 4261 obstinata
611 4211 695 4262 mente
701 4204 808 4281 perfer,
823 4203 935 4262 obdura.

233 4363 309 4421 quos
329 4347 404 4406 bene
426 4367 492 4407 cum
510 4350 647 4409 LXXVI.
669 4354 763 4409 11-16
786 4369 930 4428 conpares
949 4352 1041 4427 quiet
1060 4351 1114 4427 ipsi
1135 4351 1289 4428 omphalos
1311 4363 1381 4412 sunt

232 4459 368 4502 carminis
