3074 5066
237 393 296 450 262
641 391 697 450 DE
721 391 983 452 PARTITlONE

237 591 406 651 quanquam
428 591 495 632 cum
521 573 702 650 antistropho
726 574 896 632 terminamr
923 573 961 632 ad
984 572 1113 648 uirgines
1140 573 1305 648 reqionsio,
1328 589 1391 630 non

105 686 111 701 ·
237 672 324 731 simul
344 681 447 730 cantus
461 671 574 740 desinit,
591 671 644 730 sed
663 671 857 730 conuersione
875 670 913 728 ad
927 679 1050 746 nuptam
1063 670 1148 740 facta,
1163 669 1239 728 banc
1254 670 1392 728 uersibus

238 769 300 828 siue
322 779 434 844 septem
455 769 516 828 siue
537 779 607 828 octo
629 768 809 838 adlocuntur,
825 770 931 844 quibus
948 767 1035 826 finitis
1054 777 1116 826 turn
1135 766 1255 826 demum
1274 767 1392 826 additur

236 866 348 942 Hymen
370 865 570 942 OHyrnenaee‚
586 865 697 940 Hymen
717 866 782 923 ades
801 865 825 924 0
842 865 1004 941 Hymenaee.
1047 864 1150 941 Itaque
1171 876 1203 924 ut
1223 866 1254 923 in
1278 883 1390 938 ²0·31'›

237 963 279 1022 sic
291 964 378 1022 etiam
389 965 418 1022 in
430 961 583 1042 (39)-(58)
594 982 746 1040 superesse
760 963 848 1023 credo
864 981 983 1022 carmen
993 964 1079 1040 quale
1090 983 1109 1022 a
1118 962 1232 1022 Catullo
1248 964 1391 1039 scripturn

237 1071 289 1120 est.
331 1061 441 1119 Iterum
455 1062 541 1137 igitur
555 1072 758 1121 recenseantur
772 1063 884 1120 numeri
900 1076 938 1135 55
954 1106 960 1120 .
976 1081 993 1135 9
1010 1103 1016 1119 .
1032 1064 1080 1120 66.
1167 1079 1203 1119 ro
1221 1079 1258 1118 ro
1273 1105 1280 1118 .
1297 1080 1326 1134 9.

278 1161 366 1220 Vnde
394 1161 470 1219 facili
499 1161 665 1220 coniectura
692 1161 789 1219 elicias
812 1171 884 1236 quot
905 1177 1008 1218 uersus
1034 1161 1066 1218 in
1091 1159 1190 1218 medio
1217 1159 1391 1218 exciderint.

238 1257 317 1316 Nam
338 1258 412 1316 inter
433 1259 450 1314 6
471 1267 555 1316 etro
576 1276 714 1317 numerus
735 1269 791 1316 stat
812 1259 995 1330 octonarius;
1027 1257 1077 1333 qui
1098 1274 1236 1315 numerus
1258 1257 1284 1315 si
1307 1267 1338 1315 et
1359 1257 1391 1314 in

238 1354 357 1430 stropha
374 1355 427 1413 luit
441 1365 470 1414 et
490 1357 520 1413 in
542 1355 723 1431 antistropho
738 1373 862 1431 quarum
882 1365 995 1430 septem
1009 1353 1214 1419 tantummodo
1231 1365 1391 1430 supersunt

237 1471 348 1523 uersus,
363 1453 533 1511 exciderunt
554 1471 671 1512 nouem.
714 1452 750 1511 ld
767 1453 934 1512 confirmari
954 1471 991 1511 ex
1012 1452 1170 1527 archetypo
1191 1451 1251 1510 iam
1271 1452 1303 1510 in
1318 1449 1390 1509 Pro-

237 1551 399 1627 legomenis
414 1551 484 1610 diri.
526 1550 632 1610 Totius
646 1551 732 1626 igitur
745 1551 891 1628 poematis
905 1554 995 1623 σχῆμα
1008 1549 1066 1609 hoc
1080 1550 1187 1608 eruitur

652 1697 1064 1785 ''naamis-*q

552 1761 1067 1880 {Egnatianum

238 1947 390 2024 Pergimus
404 1949 442 2007 ad
453 1947 523 2006 LXI
534 1949 615 2025 quod
629 1959 658 2008 et
672 1949 769 2024 ipsum
784 1967 902 2007 carmen
917 1946 1045 2024 nuptiale
1059 1955 1110 2005 est.
1154 1943 1189 2004 Id
1200 1962 1290 2021 quam
1302 1944 1389 2003 docte

237 2062 273 2103 ac
296 2046 408 2104 curiose
429 2046 568 2121 scriptum
590 2045 635 2116 sit,
657 2045 768 2121 primus
787 2043 947 2103 Pleitnerus
968 2043 1106 2102 intellexit
1126 2042 1156 2100 in
1179 2041 1277 2099 libello
1300 2059 1388 2116 quem

156 2144 160 2150 '
238 2141 383 2218 Dillingae
408 2143 498 2202 edidit
522 2161 602 2202 anno
627 2146 711 2217 1858.
767 2142 798 2202 Is
822 2153 946 2218 quatuor
973 2151 1070 2216 partes
1097 2139 1181 2211 lacit;
1221 2153 1298 2211 1-45
1318 2161 1351 2188 =
1370 2157 1387 2212 9

239 2241 373 2317 strophas
396 2257 414 2298 a
435 2241 532 2317 pueris
555 2241 703 2312 recitatas;
735 2237 881 2319 46-(113)
898 2262 927 2292 =
947 2257 981 2309 ¹4
1008 2236 1142 2313 strophas
1165 2253 1184 2294 a
1207 2235 1372 2311 uirginibus
1379 2253 1387 2307 ;

240 2339 435 2412 (114)-(183)
452 2361 484 2390 =
500 2357 535 2409 14
552 2337 686 2413 strophas
700 2355 718 2396 a
732 2337 845 2413 pueris;
870 2333 1065 2414 (rep-(228)
1080 2353 1135 2408 :9
1150 2333 1286 2408 strophas
1300 2351 1319 2390 a
1331 2333 1388 2390 uir·

238 2435 364 2510 ginilius.
416 2435 528 2494 Rursus
550 2435 679 2510 singulas
700 2445 796 2510 partes
819 2434 962 2492 distribuit
982 2432 1040 2491 hoc
1061 2431 1152 2490 modo
1177 2427 1217 2509 (a)
1241 2441 1320 2504 με
1345 2428 1387 2510 (β)

239 2537 438 2607 6÷3÷3÷2
462 2529 503 2610 (γ)
520 2541 781 2607 4÷a†3†3÷a
805 2529 844 2610 (t)
861 2534 948 2596 ΒΗ.
991 2529 1115 2606 Recepit
1133 2527 1191 2587 hoc
1209 2527 1387 2596 Schwabius,

238 2647 333 2706 neque
355 2629 462 2688 infitior
481 2647 529 2688 me
548 2630 579 2687 in
597 2629 766 2687 uniuersum
780 2645 842 2686 non
859 2627 1004 2698 abdicere,
1018 2643 1187 2702 quanquam
1201 2643 1256 2683 nec
1271 2625 1303 2682 in
1317 2642 1387 2700 qua-

238 2739 303 2787 tuor
324 2739 421 2804 partes
443 2747 562 2788 carmen
584 2728 722 2799 diuidam,
737 2738 767 2786 et
783 2728 839 2785 alia
859 2727 1001 2784 nonnulla
1020 2726 1201 2802 ingeniosius
1222 2726 1388 2800 excogitata

237 2845 308 2884 rear.
352 2825 410 2884 Sed
424 2843 493 2884 uere
507 2826 579 2884 uidit
593 2825 753 2884 Pleitnerus
769 2825 842 2884 duas
857 2825 1040 2900 potissimum
1054 2833 1152 2900 partes
1165 2841 1231 2882 esse
1250 2823 1388 2882 carminis

239 2919 283 3001 (1)
305 2941 380 2998 quae
402 2931 469 2981 ante
491 2923 613 2981 domum
635 2933 742 2998 nuptae
764 2922 876 2980 canitur
890 2919 935 3000 (a)
950 2938 1026 2997 quae
1047 2930 1159 2996 postea,
1179 2919 1206 2978 h.
1219 2939 1244 2979 e.
1264 2939 1283 2978 a
1302 2939 1388 2979 uersu

241 3021 326 3093 (113)
352 3017 480 3076 Prudens
508 3038 579 3077 nona
608 3025 702 3094 nupta.
744 3018 856 3077 Verum
884 3019 972 3077 etiam
999 3017 1069 3076 illud
1093 3017 1174 3094 quod
1200 3020 1301 3091 46-75
1328 3035 1388 3075 non

238 3117 334 3178 solum
353 3119 477 3176 seiunxit
495 3128 635 3193 tanquam
649 3117 856 3193 Hymenaeon,
872 3116 1026 3175 sedetiam
1043 3115 1187 3174 distribuit
1203 3117 1233 3173 in
1247 3121 1388 3187 περικοπὰς

239 3215 279 3296 (1,
291 3236 317 3291 3,
330 3213 359 3296 a)
369 3236 376 3289 ;
399 3226 461 3274 tum
478 3217 559 3292 quod
578 3216 764 3291 sequentium
784 3234 921 3274 uersuum
938 3216 1085 3289 76-(113)
1101 3225 1198 3290 partes
1219 3214 1386 3290 distinguit:

237 3327 387 3394 postremo
402 3316 482 3392 quod
496 3317 570 3373 inter
586 3317 670 3389 (183)
683 3324 712 3374 et
727 3317 813 3387 (184)
829 3313 894 3372 Iam
908 3315 971 3371 Iri-et
982 3316 1078 3372 uenien
1092 3316 1191 3371 martie
1204 3314 1386 3372 interuallum

236 3415 329 3492 ponit,
344 3433 412 3474 cum
426 3425 493 3490 post
509 3415 594 3488 (183)
610 3413 735 3486 ἐφύμνιον
748 3412 817 3471 illud
831 3411 866 3470 Io
879 3413 989 3490 Hymen
1003 3412 1159 3489 Hymenaee
1179 3414 1212 3483 e'o,
1227 3409 1262 3468 Io
1275 3409 1387 3487 Hymen

236 3511 393 3587 Hymenaee
406 3529 467 3569 non
481 3511 540 3569 iam
553 3520 706 3587 repetatur.
750 3509 816 3580 sed,
832 3521 863 3570 ut
878 3510 1034 3602 diuiduas
1050 3521 1148 3586 partes
1168 3509 1306 3568 carmirtis
1326 3525 1386 3567 non

238 3610 268 3668 in
282 3610 386 3670 alteras
400 3608 522 3668 totidem
537 3607 687 3681 describo;
710 3607 786 3666 facio
801 3609 879 3666 enim
894 3608 924 3666 in
938 3609 1068 3684 utrisque
1082 3617 1188 3666 ternas.

279 3707 398 3766 Initium
416 3707 549 3765 ducimus
568 3708 701 3780 a46-75
722 3706 772 3782 qui
795 3709 923 3762 Μεσωδὸν
943 3706 1091 3782 quendam
1112 3703 1247 3763 efficiunt.
1290 3701 1385 3762 Huius

238 3823 290 3864 sex
310 3814 377 3864 sunt
396 3803 542 3880 strophae,
562 3805 621 3879 qui,
635 3815 668 3862 ut
686 3805 716 3861 in
734 3803 885 3864 codicibus
903 3803 1045 3880 leguntur,
1061 3813 1168 3879 sponte
1187 3803 1218 3859 in
1237 3811 1296 3859 tres
1315 3824 1385 3874 περι-

238 3905 319 3960 κοπὰς
346 3919 377 3960 se
406 3901 550 3971 scindunt,
578 3897 623 3979 (r)
647 3919 746 3973 unam,
772 3900 966 3960 desinentium
991 3903 1021 3960 in
1043 3899 1153 3977 Hymen
1179 3897 1385 3972 OHynrenaee,

240 3996 518 4078 (a)duas,quan1m
538 3999 627 4057 altera
646 3998 750 4058 iisdem
769 4001 867 4058 uerbis
887 3999 993 4058 desinit
1014 3996 1058 4076 (3)
1079 4009 1145 4071 tres,
1160 4015 1236 4074 quae
1255 3997 1385 4072 singulae

237 4098 410 4170 ἔπιφθέγματι
425 4099 614 4156 terminantur
632 4095 702 4168 oue
715 4097 780 4155 hur'c
793 4098 839 4154 deo
855 4097 1055 4172 Comparare'er
1069 4099 1169 4154 aussi?
1200 4094 1236 4152 ln
1251 4113 1313 4170 quo
1326 4111 1386 4153 nou

238 4194 375 4268 intellego
393 4213 445 4253 cur
464 4195 599 4254 codicum
620 4196 753 4254 ordinem
775 4197 814 4254 ita
834 4196 955 4254 turbarit
968 4194 1138 4264 Pleitnerus,
1153 4203 1184 4252 ut
1198 4192 1315 4251 ultimas
1329 4203 1385 4251 tres

238 4291 373 4367 strophas
397 4303 519 4368 poneret
543 4303 610 4368 post
635 4294 767 4369 primam.
809 4292 909 4352 Primo
933 4294 1011 4352 enim
1037 4292 1074 4351 de
1098 4292 1265 4350 amantibus
1290 4306 1385 4348 sermo

238 4399 290 4461 est,
306 4399 335 4448 et
355 4399 505 4448 amantum
526 4391 701 4468 nuptialibus
720 4391 833 4468 gaudiis
848 4389 984 4470 (46-60),
999 4401 1062 4450 tum
1084 4391 1120 4449 de
1140 4387 1202 4448 aliis
1220 4387 1385 4448 commodis

240 4487 405 4564 Hymenaei
421 4485 557 4564 (61-75).
