<?xml version="1.0" encoding="UTF-8"?>
<!DOCTYPE html PUBLIC "-//W3C//DTD XHTML 1.0 Transitional//EN"
    "http://www.w3.org/TR/xhtml1/DTD/xhtml1-transitional.dtd">
<html xmlns="http://www.w3.org/1999/xhtml" xml:lang="en" lang="en">
 <head>
  <title>
</title>
<meta http-equiv="Content-Type" content="text/html;charset=utf-8" />
  <meta name='ocr-system' content='tesseract 3.04.00' />
  <meta name='ocr-capabilities' content='ocr_page ocr_carea ocr_par ocr_line ocrx_word'/>
</head>
<body>
  <div class='ocr_page' id='page_1' title='image "./catulliliber00elligoog_0078.png"; bbox 0 0 3118 5054; ppageno 0'>
   <div class='ocr_carea' id='block_1_1' title="bbox 558 418 912 483">
    <p class='ocr_par' dir='ltr' id='par_1_1' title="bbox 558 418 912 483">
     <span class='ocr_line' id='line_1_1' title="bbox 558 418 912 483; baseline 0 -3"><span class='ocrx_word' id='word_1_1' title='bbox 558 418 912 483; x_wconf 79' lang='lat' dir='ltr'>PROLEGOMENA.</span> 
     </span>
    </p>
   </div>
   <div class='ocr_carea' id='block_1_2' title="bbox 173 599 1299 2283">
    <p class='ocr_par' dir='ltr' id='par_1_2' title="bbox 173 599 1299 2283">
     <span class='ocr_line' id='line_1_2' title="bbox 204 599 779 666; baseline 0.009 -7"><span class='ocrx_word' id='word_1_2' title='bbox 204 599 328 660; x_wconf 83' lang='lat' dir='ltr'>LXXII.</span> <span class='ocrx_word' id='word_1_3' title='bbox 362 603 379 660; x_wconf 86' lang='grc'>6</span> <span class='ocrx_word' id='word_1_4' title='bbox 442 601 537 663; x_wconf 85' lang='lat' dir='ltr'><strong>Multo</strong></span> <span class='ocrx_word' id='word_1_5' title='bbox 551 603 594 662; x_wconf 84' lang='lat' dir='ltr'><strong>Mi</strong></span> <span class='ocrx_word' id='word_1_6' title='bbox 608 603 724 666; x_wconf 86' lang='lat' dir='ltr'><strong>Tamen</strong></span> <span class='ocrx_word' id='word_1_7' title='bbox 738 604 779 664; x_wconf 83' lang='lat' dir='ltr'><strong>Es</strong></span> 
     </span>
     <span class='ocr_line' id='line_1_3' title="bbox 365 701 824 782; baseline 0.007 -21"><span class='ocrx_word' id='word_1_8' title='bbox 365 714 380 775; x_wconf 83' lang='lat'><strong>7</strong></span> <span class='ocrx_word' id='word_1_9' title='bbox 444 701 504 775; x_wconf 91' lang='lat' dir='ltr'><strong>Qui</strong></span> <span class='ocrx_word' id='word_1_10' title='bbox 517 702 589 763; x_wconf 87' lang='lat' dir='ltr'><strong>Pote</strong></span> <span class='ocrx_word' id='word_1_11' title='bbox 603 701 650 762; x_wconf 74' lang='lat' dir='ltr'><strong>Ni</strong></span> <span class='ocrx_word' id='word_1_12' title='bbox 662 703 715 763; x_wconf 86' lang='lat' dir='ltr'><strong>Est</strong></span> <span class='ocrx_word' id='word_1_13' title='bbox 728 703 824 782; x_wconf 84' lang='lat' dir='ltr'>inquis</span> 
     </span>
     <span class='ocr_line' id='line_1_4' title="bbox 198 815 1299 892; baseline 0.005 -18"><span class='ocrx_word' id='word_1_14' title='bbox 198 815 273 875; x_wconf 79' lang='lat' dir='ltr'><strong>Post</strong></span> <span class='ocrx_word' id='word_1_15' title='bbox 283 815 422 876; x_wconf 83' lang='lat' dir='ltr'><em>LXXII</em></span> <span class='ocrx_word' id='word_1_16' title='bbox 428 825 556 880; x_wconf 65' lang='lat' dir='ltr'><strong>secratur</strong></span> <span class='ocrx_word' id='word_1_17' title='bbox 570 818 628 880; x_wconf 91' lang='lat' dir='ltr'><strong>Odi</strong></span> <span class='ocrx_word' id='word_1_18' title='bbox 642 829 671 879; x_wconf 89' lang='lat' dir='ltr'><strong>et</strong></span> <span class='ocrx_word' id='word_1_19' title='bbox 684 836 753 879; x_wconf 90' lang='lat' dir='ltr'><strong>amo</strong></span> <span class='ocrx_word' id='word_1_20' title='bbox 765 815 932 892; x_wconf 88' lang='lat' dir='ltr'>(LXXXV)</span> <span class='ocrx_word' id='word_1_21' title='bbox 943 823 1003 877; x_wconf 73' lang='lat' dir='ltr'><strong>ism</strong></span> <span class='ocrx_word' id='word_1_22' title='bbox 1017 815 1140 890; x_wconf 91' lang='lat' dir='ltr'>LXXV,</span> <span class='ocrx_word' id='word_1_23' title='bbox 1156 817 1299 892; x_wconf 89' lang='lat' dir='ltr'>LXXIII,</span> 
     </span>
     <span class='ocr_line' id='line_1_5' title="bbox 240 915 1299 990; baseline 0.003 -16"><span class='ocrx_word' id='word_1_24' title='bbox 240 915 378 988; x_wconf 89' lang='lat' dir='ltr'>LXXVI,</span> <span class='ocrx_word' id='word_1_25' title='bbox 405 916 542 990; x_wconf 90' lang='lat' dir='ltr'>LXXIV,</span> <span class='ocrx_word' id='word_1_26' title='bbox 569 915 691 989; x_wconf 91' lang='lat' dir='ltr'>LXXX,</span> <span class='ocrx_word' id='word_1_27' title='bbox 718 915 871 988; x_wconf 88' lang='lat' dir='ltr'>LXXVII,</span> <span class='ocrx_word' id='word_1_28' title='bbox 899 915 1058 976; x_wconf 90' lang='lat' dir='ltr'>LXXVIII</span> <span class='ocrx_word' id='word_1_29' title='bbox 1085 937 1147 976; x_wconf 71' lang='lat' dir='ltr'><strong>cum</strong></span> <span class='ocrx_word' id='word_1_30' title='bbox 1171 919 1299 977; x_wconf 67' lang='lat' dir='ltr'><strong>uersutus</strong></span> 
     </span>
     <span class='ocr_line' id='line_1_6' title="bbox 239 1013 814 1088; baseline 0 -14"><span class='ocrx_word' id='word_1_31' title='bbox 239 1013 301 1074; x_wconf 89' lang='lat' dir='ltr'><strong>Sed</strong></span> <span class='ocrx_word' id='word_1_32' title='bbox 313 1033 392 1076; x_wconf 89' lang='lat' dir='ltr'><strong>nunc</strong></span> <span class='ocrx_word' id='word_1_33' title='bbox 405 1016 436 1076; x_wconf 91' lang='lat' dir='ltr'><strong>id</strong></span> <span class='ocrx_word' id='word_1_34' title='bbox 449 1015 657 1088; x_wconf 86' lang='lat' dir='ltr'><strong>doleo-anus,</strong></span> <span class='ocrx_word' id='word_1_35' title='bbox 672 1015 814 1076; x_wconf 92' lang='lat' dir='ltr'>LXXIX.</span> 
     </span>
     <span class='ocr_line' id='line_1_7' title="bbox 235 1129 955 1191; baseline 0.003 -2"><span class='ocrx_word' id='word_1_36' title='bbox 235 1129 361 1190; x_wconf 89' lang='lat' dir='ltr'>LXXV.</span> <span class='ocrx_word' id='word_1_37' title='bbox 376 1152 392 1190; x_wconf 81' lang='lat' dir='ltr'><strong>a</strong></span> <span class='ocrx_word' id='word_1_38' title='bbox 887 1131 955 1191; x_wconf 90' lang='lat' dir='ltr'><strong>Tuo</strong></span> 
     </span>
     <span class='ocr_line' id='line_1_8' title="bbox 214 1237 1295 1318; baseline 0.005 -21"><span class='ocrx_word' id='word_1_39' title='bbox 214 1237 357 1298; x_wconf 90' lang='lat' dir='ltr'>LXXIII.</span> <span class='ocrx_word' id='word_1_40' title='bbox 370 1259 388 1312; x_wconf 92' lang='lat'>4</span> <span class='ocrx_word' id='word_1_41' title='bbox 410 1239 531 1301; x_wconf 82' lang='lat' dir='ltr'><strong>Prodest</strong></span> <span class='ocrx_word' id='word_1_42' title='bbox 543 1241 604 1300; x_wconf 89' lang='lat' dir='ltr'><strong>imo</strong></span> <span class='ocrx_word' id='word_1_43' title='bbox 618 1242 705 1300; x_wconf 89' lang='lat' dir='ltr'><strong>etiam</strong></span> <span class='ocrx_word' id='word_1_44' title='bbox 718 1241 814 1301; x_wconf 88' lang='lat' dir='ltr'><strong>taedet</strong></span> <span class='ocrx_word' id='word_1_45' title='bbox 828 1241 971 1318; x_wconf 86' lang='lat' dir='ltr'><strong>obestque</strong></span> <span class='ocrx_word' id='word_1_46' title='bbox 984 1241 1078 1317; x_wconf 80' lang='lat' dir='ltr'><strong>magis</strong></span> <span class='ocrx_word' id='word_1_47' title='bbox 1146 1241 1295 1316; x_wconf 55' lang='grc' dir='ltr'><strong>(σηοω)</strong></span> 
     </span>
     <span class='ocr_line' id='line_1_9' title="bbox 352 1337 906 1411; baseline 0.004 -15"><span class='ocrx_word' id='word_1_48' title='bbox 352 1357 388 1411; x_wconf 89' lang='lat'><strong>14</strong></span> <span class='ocrx_word' id='word_1_49' title='bbox 651 1338 682 1399; x_wconf 91' lang='lat' dir='ltr'><strong>Si</strong></span> <span class='ocrx_word' id='word_1_50' title='bbox 695 1339 776 1399; x_wconf 88' lang='lat' dir='ltr'><strong>lubet</strong></span> <span class='ocrx_word' id='word_1_51' title='bbox 788 1337 906 1398; x_wconf 86' lang='lat' dir='ltr'><strong>Efficies</strong></span> 
     </span>
     <span class='ocr_line' id='line_1_10' title="bbox 217 1431 1150 1522; baseline 0.002 -21"><span class='ocrx_word' id='word_1_52' title='bbox 217 1439 357 1502; x_wconf 81' lang='lat' dir='ltr'>LXXIX</span> <span class='ocrx_word' id='word_1_53' title='bbox 370 1463 388 1516; x_wconf 92' lang='lat'>4</span> <span class='ocrx_word' id='word_1_54' title='bbox 609 1443 754 1505; x_wconf 85' lang='lat' dir='ltr'><strong>Notomm</strong></span> <span class='ocrx_word' id='word_1_55' title='bbox 917 1441 1072 1522; x_wconf 67' lang='lat' dir='ltr'><strong>(Scaliger)</strong></span> <span class='ocrx_word' id='word_1_56' title='bbox 1147 1431 1150 1437; x_wconf 68' lang='grc'>’</span> 
     </span>
     <span class='ocr_line' id='line_1_11' title="bbox 232 1556 1295 1634; baseline 0.006 -18"><span class='ocrx_word' id='word_1_57' title='bbox 232 1557 356 1617; x_wconf 90' lang='lat' dir='ltr'>LXXX.</span> <span class='ocrx_word' id='word_1_58' title='bbox 368 1562 387 1617; x_wconf 82' lang='lat'>8</span> <span class='ocrx_word' id='word_1_59' title='bbox 408 1559 462 1619; x_wconf 79' lang='lat' dir='ltr'><strong>nia</strong></span> <span class='ocrx_word' id='word_1_60' title='bbox 475 1559 521 1619; x_wconf 87' lang='lat' dir='ltr'><strong>Te</strong></span> <span class='ocrx_word' id='word_1_61' title='bbox 533 1559 655 1619; x_wconf 88' lang='lat' dir='ltr'><strong>Emnlso</strong></span> <span class='ocrx_word' id='word_1_62' title='bbox 668 1559 765 1619; x_wconf 77' lang='lat' dir='ltr'><strong>Labra</strong></span> <span class='ocrx_word' id='word_1_63' title='bbox 778 1556 888 1619; x_wconf 85' lang='lat' dir='ltr'><strong>Notare</strong></span> <span class='ocrx_word' id='word_1_64' title='bbox 903 1558 975 1619; x_wconf 85' lang='lat' dir='ltr'><strong>Sero</strong></span> <span class='ocrx_word' id='word_1_65' title='bbox 1044 1561 1097 1634; x_wconf 77' lang='lat' dir='ltr'><strong>(sic</strong></span> <span class='ocrx_word' id='word_1_66' title='bbox 1111 1561 1295 1622; x_wconf 74' lang='lat' dir='ltr'><strong>Casaubms</strong></span> 
     </span>
     <span class='ocr_line' id='line_1_12' title="bbox 217 1633 833 1735; baseline 0.005 -19"><span class='ocrx_word' id='word_1_67' title='bbox 217 1633 219 1638; x_wconf 81' lang='grc'><strong>’</strong></span> <span class='ocrx_word' id='word_1_68' title='bbox 481 1658 833 1735; x_wconf 62' lang='lat' dir='ltr'><strong>mequunmmuso)</strong></span> 
     </span>
     <span class='ocr_line' id='line_1_13' title="bbox 217 1761 1086 1838; baseline 0.003 -16"><span class='ocrx_word' id='word_1_69' title='bbox 217 1761 356 1824; x_wconf 89' lang='lat' dir='ltr'>LXXXI.</span> <span class='ocrx_word' id='word_1_70' title='bbox 368 1766 387 1822; x_wconf 81' lang='lat'><strong>6</strong></span> <span class='ocrx_word' id='word_1_71' title='bbox 469 1764 516 1823; x_wconf 78' lang='lat' dir='ltr'><strong>Ah</strong></span> <span class='ocrx_word' id='word_1_72' title='bbox 531 1767 627 1824; x_wconf 87' lang='lat' dir='ltr'><strong>nescis</strong></span> <span class='ocrx_word' id='word_1_73' title='bbox 909 1763 1086 1838; x_wconf 67' lang='lat' dir='ltr'><strong>(Fraternas)</strong></span> 
     </span>
     <span class='ocr_line' id='line_1_14' title="bbox 202 1876 675 1957; baseline 0 -19"><span class='ocrx_word' id='word_1_74' title='bbox 202 1876 356 1938; x_wconf 82' lang='lat' dir='ltr'><strong>Lxxxrl.</strong></span> <span class='ocrx_word' id='word_1_75' title='bbox 370 1899 387 1954; x_wconf 84' lang='lat'>3</span> <span class='ocrx_word' id='word_1_76' title='bbox 409 1879 527 1957; x_wconf 85' lang='lat' dir='ltr'>Eripere</span> <span class='ocrx_word' id='word_1_77' title='bbox 543 1879 601 1940; x_wconf 85' lang='lat' dir='ltr'><strong>Hei</strong></span> <span class='ocrx_word' id='word_1_78' title='bbox 616 1881 675 1940; x_wconf 93' lang='lat' dir='ltr'><strong>noli</strong></span> 
     </span>
     <span class='ocr_line' id='line_1_15' title="bbox 371 1977 1051 2056; baseline 0.001 -19"><span class='ocrx_word' id='word_1_79' title='bbox 371 1997 388 2050; x_wconf 99' lang='lat'>4</span> <span class='ocrx_word' id='word_1_80' title='bbox 638 1977 753 2056; x_wconf 88' lang='lat' dir='ltr'><strong>Siquid</strong></span> <span class='ocrx_word' id='word_1_81' title='bbox 915 1977 1051 2053; x_wconf 58' lang='lat' dir='ltr'><strong>(Statius)</strong></span> 
     </span>
     <span class='ocr_line' id='line_1_16' title="bbox 188 2089 772 2170; baseline 0.005 -20"><span class='ocrx_word' id='word_1_82' title='bbox 188 2089 357 2152; x_wconf 89' lang='lat' dir='ltr'>LXXXVI.</span> <span class='ocrx_word' id='word_1_83' title='bbox 374 2113 390 2151; x_wconf 81' lang='lat' dir='ltr'><strong>a</strong></span> <span class='ocrx_word' id='word_1_84' title='bbox 614 2093 677 2153; x_wconf 84' lang='lat' dir='ltr'><strong>haec</strong></span> <span class='ocrx_word' id='word_1_85' title='bbox 691 2094 772 2170; x_wconf 86' lang='lat' dir='ltr'><strong>Ergo</strong></span> 
     </span>
     <span class='ocr_line' id='line_1_17' title="bbox 173 2206 1001 2283; baseline 0.004 -16"><span class='ocrx_word' id='word_1_86' title='bbox 173 2206 358 2268; x_wconf 90' lang='lat' dir='ltr'>LXXXVII.</span> <span class='ocrx_word' id='word_1_87' title='bbox 371 2228 388 2283; x_wconf 84' lang='lat'>3</span> <span class='ocrx_word' id='word_1_88' title='bbox 833 2209 869 2268; x_wconf 93' lang='lat' dir='ltr'><strong>In</strong></span> <span class='ocrx_word' id='word_1_89' title='bbox 882 2209 1001 2270; x_wconf 80' lang='lat' dir='ltr'><strong>foedere</strong></span> 
     </span>
    </p>
   </div>
   <div class='ocr_carea' id='block_1_3' title="bbox 276 2321 1211 2706">
    <p class='ocr_par' dir='ltr' id='par_1_3' title="bbox 276 2321 1211 2706">
     <span class='ocr_line' id='line_1_18' title="bbox 276 2321 891 2384; baseline 0.007 -4"><span class='ocrx_word' id='word_1_90' title='bbox 276 2321 357 2382; x_wconf 90' lang='lat' dir='ltr'>XCI.</span> <span class='ocrx_word' id='word_1_91' title='bbox 371 2341 387 2380; x_wconf 82' lang='lat' dir='ltr'><strong>a</strong></span> <span class='ocrx_word' id='word_1_92' title='bbox 635 2323 691 2384; x_wconf 92' lang='lat' dir='ltr'><strong>hoc</strong></span> <span class='ocrx_word' id='word_1_93' title='bbox 705 2335 805 2384; x_wconf 88' lang='lat' dir='ltr'><strong>nostro</strong></span> <span class='ocrx_word' id='word_1_94' title='bbox 821 2323 891 2384; x_wconf 91' lang='lat' dir='ltr'><strong>Hoc</strong></span> 
     </span>
     <span class='ocr_line' id='line_1_19' title="bbox 370 2417 1211 2500; baseline 0.007 -24"><span class='ocrx_word' id='word_1_95' title='bbox 370 2439 388 2496; x_wconf 83' lang='lat'>3</span> <span class='ocrx_word' id='word_1_96' title='bbox 409 2417 499 2495; x_wconf 89' lang='lat' dir='ltr'><strong>QVin</strong></span> <span class='ocrx_word' id='word_1_97' title='bbox 513 2431 541 2480; x_wconf 86' lang='lat' dir='ltr'><strong>te</strong></span> <span class='ocrx_word' id='word_1_98' title='bbox 554 2438 730 2499; x_wconf 82' lang='lat' dir='ltr'>cognossem</span> <span class='ocrx_word' id='word_1_99' title='bbox 744 2425 828 2494; x_wconf 87' lang='lat' dir='ltr'><strong>bene,</strong></span> <span class='ocrx_word' id='word_1_100' title='bbox 843 2431 1066 2500; x_wconf 83' lang='lat' dir='ltr'><strong>constanterque</strong></span> <span class='ocrx_word' id='word_1_101' title='bbox 1079 2433 1211 2500; x_wconf 86' lang='lat' dir='ltr'><strong>putarem</strong></span> 
     </span>
     <span class='ocr_line' id='line_1_20' title="bbox 369 2519 1169 2599; baseline 0.005 -21"><span class='ocrx_word' id='word_1_102' title='bbox 369 2538 387 2591; x_wconf 89' lang='grc'><strong>4</strong></span> <span class='ocrx_word' id='word_1_103' title='bbox 450 2519 539 2579; x_wconf 84' lang='lat' dir='ltr'>Haud</span> <span class='ocrx_word' id='word_1_104' title='bbox 552 2538 641 2596; x_wconf 89' lang='lat' dir='ltr'><strong>posse</strong></span> <span class='ocrx_word' id='word_1_105' title='bbox 655 2539 674 2580; x_wconf 89' lang='lat' dir='ltr'><strong>a</strong></span> <span class='ocrx_word' id='word_1_106' title='bbox 686 2522 762 2597; x_wconf 86' lang='lat' dir='ltr'><strong>turpi</strong></span> <span class='ocrx_word' id='word_1_107' title='bbox 775 2529 904 2580; x_wconf 84' lang='lat' dir='ltr'><strong>mentem</strong></span> <span class='ocrx_word' id='word_1_108' title='bbox 918 2519 1047 2580; x_wconf 75' lang='lat' dir='ltr'><strong>inhibere</strong></span> <span class='ocrx_word' id='word_1_109' title='bbox 1060 2523 1169 2599; x_wconf 92' lang='lat' dir='ltr'><strong>probro</strong></span> 
     </span>
     <span class='ocr_line' id='line_1_21' title="bbox 370 2617 652 2706; baseline 0.004 -30"><span class='ocrx_word' id='word_1_110' title='bbox 370 2631 389 2691; x_wconf 86' lang='lat'>5</span> <span class='ocrx_word' id='word_1_111' title='bbox 411 2617 470 2677; x_wconf 84' lang='lat' dir='ltr'><strong>Sed</strong></span> <span class='ocrx_word' id='word_1_112' title='bbox 483 2617 563 2695; x_wconf 86' lang='lat' dir='ltr'><strong>quod</strong></span> <span class='ocrx_word' id='word_1_113' title='bbox 577 2617 652 2706; x_wconf 31' lang='lat' dir='ltr'><strong>Nec.</strong></span> 
     </span>
    </p>
   </div>
   <div class='ocr_carea' id='block_1_4' title="bbox 211 2717 1271 4236">
    <p class='ocr_par' dir='ltr' id='par_1_4' title="bbox 211 2717 1271 4236">
     <span class='ocr_line' id='line_1_22' title="bbox 370 2717 694 2776; baseline 0.006 -2"><span class='ocrx_word' id='word_1_114' title='bbox 370 2719 389 2774; x_wconf 85' lang='lat'><strong>6</strong></span> <span class='ocrx_word' id='word_1_115' title='bbox 551 2717 694 2776; x_wconf 88' lang='lat' dir='ltr'><strong>mecuius</strong></span> 
     </span>
     <span class='ocr_line' id='line_1_23' title="bbox 257 2820 1271 2903; baseline 0.004 -21"><span class='ocrx_word' id='word_1_116' title='bbox 257 2820 354 2882; x_wconf 88' lang='lat' dir='ltr'>XCII.</span> <span class='ocrx_word' id='word_1_117' title='bbox 367 2842 385 2899; x_wconf 78' lang='lat'>3</span> <span class='ocrx_word' id='word_1_118' title='bbox 407 2822 463 2884; x_wconf 88' lang='lat' dir='ltr'><strong>Cui</strong></span> <span class='ocrx_word' id='word_1_119' title='bbox 476 2825 560 2901; x_wconf 85' lang='lat' dir='ltr'><strong>quasi</strong></span> <span class='ocrx_word' id='word_1_120' title='bbox 572 2841 629 2901; x_wconf 83' lang='lat' dir='ltr'><strong>ego</strong></span> <span class='ocrx_word' id='word_1_121' title='bbox 644 2825 729 2886; x_wconf 83' lang='lat' dir='ltr'><strong>Haec</strong></span> <span class='ocrx_word' id='word_1_122' title='bbox 742 2825 846 2885; x_wconf 78' lang='lat' dir='ltr'><strong>eadem</strong></span> <span class='ocrx_word' id='word_1_123' title='bbox 859 2826 980 2885; x_wconf 85' lang='lat' dir='ltr'><strong>totidem</strong></span> <span class='ocrx_word' id='word_1_124' title='bbox 994 2842 1064 2885; x_wconf 85' lang='lat' dir='ltr'><strong>mox</strong></span> <span class='ocrx_word' id='word_1_125' title='bbox 1079 2825 1219 2903; x_wconf 86' lang='lat' dir='ltr'><strong>deprecor</strong></span> <span class='ocrx_word' id='word_1_126' title='bbox 1233 2827 1271 2886; x_wconf 89' lang='lat' dir='ltr'><strong>ilii</strong></span> 
     </span>
     <span class='ocr_line' id='line_1_24' title="bbox 243 2927 1189 3007; baseline 0.005 -20"><span class='ocrx_word' id='word_1_127' title='bbox 243 2927 385 3002; x_wconf 87' lang='lat' dir='ltr'>XCVI.4</span> <span class='ocrx_word' id='word_1_128' title='bbox 598 2931 731 2991; x_wconf 87' lang='lat' dir='ltr'><strong>Amissas</strong></span> <span class='ocrx_word' id='word_1_129' title='bbox 1054 2930 1189 3007; x_wconf 66' lang='lat' dir='ltr'><strong>(Staius)</strong></span> 
     </span>
     <span class='ocr_line' id='line_1_25' title="bbox 228 3033 1080 3113; baseline 0.005 -20"><span class='ocrx_word' id='word_1_130' title='bbox 228 3033 384 3095; x_wconf 87' lang='lat' dir='ltr'>XCV11.2</span> <span class='ocrx_word' id='word_1_131' title='bbox 406 3035 650 3096; x_wconf 87' lang='lat' dir='ltr'><strong>Vtrumnensan</strong></span> <span class='ocrx_word' id='word_1_132' title='bbox 664 3037 761 3097; x_wconf 87' lang='lat' dir='ltr'><strong>cuium</strong></span> <span class='ocrx_word' id='word_1_133' title='bbox 924 3035 1080 3113; x_wconf 69' lang='lat' dir='ltr'><strong>(Murem)</strong></span> 
     </span>
     <span class='ocr_line' id='line_1_26' title="bbox 369 3135 1162 3210; baseline 0.004 -15"><span class='ocrx_word' id='word_1_134' title='bbox 369 3154 387 3210; x_wconf 83' lang='lat'>3</span> <span class='ocrx_word' id='word_1_135' title='bbox 409 3135 549 3196; x_wconf 89' lang='lat' dir='ltr'><strong>Mundius</strong></span> <span class='ocrx_word' id='word_1_136' title='bbox 562 3135 620 3198; x_wconf 89' lang='lat' dir='ltr'><strong>hoc</strong></span> <span class='ocrx_word' id='word_1_137' title='bbox 633 3136 703 3196; x_wconf 88' lang='lat' dir='ltr'><strong>nihil</strong></span> <span class='ocrx_word' id='word_1_138' title='bbox 716 3147 769 3210; x_wconf 86' lang='lat' dir='ltr'><strong>est,</strong></span> <span class='ocrx_word' id='word_1_139' title='bbox 783 3136 852 3197; x_wconf 90' lang='lat' dir='ltr'><strong>nihil</strong></span> <span class='ocrx_word' id='word_1_140' title='bbox 866 3147 909 3198; x_wconf 87' lang='lat' dir='ltr'><strong>est</strong></span> <span class='ocrx_word' id='word_1_141' title='bbox 923 3138 1100 3199; x_wconf 84' lang='lat' dir='ltr'><strong>immundius</strong></span> <span class='ocrx_word' id='word_1_142' title='bbox 1113 3139 1162 3198; x_wconf 90' lang='lat' dir='ltr'><strong>illo</strong></span> 
     </span>
     <span class='ocr_line' id='line_1_27' title="bbox 367 3233 1100 3309; baseline 0.007 -17"><span class='ocrx_word' id='word_1_143' title='bbox 367 3253 386 3309; x_wconf 86' lang='lat'>9</span> <span class='ocrx_word' id='word_1_144' title='bbox 407 3233 466 3294; x_wconf 92' lang='lat' dir='ltr'><strong>Hic</strong></span> <span class='ocrx_word' id='word_1_145' title='bbox 480 3233 564 3294; x_wconf 81' lang='lat' dir='ltr'><strong>futuit</strong></span> <span class='ocrx_word' id='word_1_146' title='bbox 577 3234 674 3294; x_wconf 85' lang='lat' dir='ltr'><strong>Mulas</strong></span> <span class='ocrx_word' id='word_1_147' title='bbox 688 3245 716 3295; x_wconf 89' lang='lat' dir='ltr'><strong>et</strong></span> <span class='ocrx_word' id='word_1_148' title='bbox 730 3253 762 3294; x_wconf 86' lang='lat' dir='ltr'><strong>se</strong></span> <span class='ocrx_word' id='word_1_149' title='bbox 775 3235 842 3295; x_wconf 82' lang='lat' dir='ltr'><strong>facit</strong></span> <span class='ocrx_word' id='word_1_150' title='bbox 856 3235 930 3296; x_wconf 88' lang='lat' dir='ltr'><strong>Inde</strong></span> <span class='ocrx_word' id='word_1_151' title='bbox 945 3247 1100 3297; x_wconf 88' lang='lat' dir='ltr'><strong>uenustum</strong></span> 
     </span>
     <span class='ocr_line' id='line_1_28' title="bbox 350 3334 932 3412; baseline 0.005 -20"><span class='ocrx_word' id='word_1_152' title='bbox 350 3351 387 3392; x_wconf 85' lang='lat' dir='ltr'><strong>ro</strong></span> <span class='ocrx_word' id='word_1_153' title='bbox 708 3334 810 3412; x_wconf 87' lang='lat' dir='ltr'><strong>Aeque</strong></span> <span class='ocrx_word' id='word_1_154' title='bbox 824 3335 932 3396; x_wconf 79' lang='lat' dir='ltr'><strong>Asinus</strong></span> 
     </span>
     <span class='ocr_line' id='line_1_29' title="bbox 211 3437 995 3519; baseline 0.004 -21"><span class='ocrx_word' id='word_1_155' title='bbox 211 3437 353 3498; x_wconf 89' lang='lat' dir='ltr'>XCVIII.</span> <span class='ocrx_word' id='word_1_156' title='bbox 368 3458 385 3511; x_wconf 93' lang='grc'><strong>4</strong></span> <span class='ocrx_word' id='word_1_157' title='bbox 547 3438 691 3517; x_wconf 84' lang='lat' dir='ltr'><strong>Trepidas</strong></span> <span class='ocrx_word' id='word_1_158' title='bbox 704 3440 813 3517; x_wconf 77' lang='lat' dir='ltr'><strong>lingere</strong></span> <span class='ocrx_word' id='word_1_159' title='bbox 827 3439 995 3519; x_wconf 82' lang='lat' dir='ltr'><strong>Cercolipss</strong></span> 
     </span>
     <span class='ocr_line' id='line_1_30' title="bbox 242 3525 951 3620; baseline 0.006 -16"><span class='ocrx_word' id='word_1_160' title='bbox 242 3525 384 3620; x_wconf 65' lang='lat' dir='ltr'><strong>xcrxss4</strong></span> <span class='ocrx_word' id='word_1_161' title='bbox 867 3547 951 3608; x_wconf 90' lang='lat' dir='ltr'><strong>Hora</strong></span> 
     </span>
     <span class='ocr_line' id='line_1_31' title="bbox 367 3643 1072 3721; baseline 0.003 -19"><span class='ocrx_word' id='word_1_162' title='bbox 367 3649 385 3702; x_wconf 91' lang='lat'>8</span> <span class='ocrx_word' id='word_1_163' title='bbox 406 3643 503 3706; x_wconf 83' lang='lat' dir='ltr'><strong>Guttis</strong></span> <span class='ocrx_word' id='word_1_164' title='bbox 517 3645 674 3706; x_wconf 83' lang='lat' dir='ltr'><strong>abstersisti</strong></span> <span class='ocrx_word' id='word_1_165' title='bbox 917 3643 1072 3721; x_wconf 80' lang='lat' dir='ltr'><strong>(Muretus)</strong></span> 
     </span>
     <span class='ocr_line' id='line_1_32' title="bbox 367 3743 966 3817; baseline 0.007 -17"><span class='ocrx_word' id='word_1_166' title='bbox 367 3763 385 3817; x_wconf 90' lang='lat'>9</span> <span class='ocrx_word' id='word_1_167' title='bbox 790 3743 966 3804; x_wconf 83' lang='lat' dir='ltr'><strong>Contactum</strong></span> 
     </span>
     <span class='ocr_line' id='line_1_33' title="bbox 350 3843 985 3917; baseline 0.003 -17"><span class='ocrx_word' id='word_1_168' title='bbox 350 3860 385 3917; x_wconf 81' lang='lat'><strong>13</strong></span> <span class='ocrx_word' id='word_1_169' title='bbox 828 3843 985 3902; x_wconf 82' lang='lat' dir='ltr'><strong>Ambrosio</strong></span> 
     </span>
     <span class='ocr_line' id='line_1_34' title="bbox 317 3947 752 4026; baseline 0.009 -20"><span class='ocrx_word' id='word_1_170' title='bbox 317 3947 352 4006; x_wconf 93' lang='lat' dir='ltr'><strong>C.</strong></span> <span class='ocrx_word' id='word_1_171' title='bbox 363 3951 382 4006; x_wconf 85' lang='grc'>6</span> <span class='ocrx_word' id='word_1_172' title='bbox 404 3948 558 4026; x_wconf 85' lang='lat' dir='ltr'><strong>Perspecta</strong></span> <span class='ocrx_word' id='word_1_173' title='bbox 570 3949 668 4026; x_wconf 80' lang='lat' dir='ltr'><strong>Exigit</strong></span> <span class='ocrx_word' id='word_1_174' title='bbox 683 3950 752 4010; x_wconf 91' lang='lat' dir='ltr'><strong>Hoc</strong></span> 
     </span>
     <span class='ocr_line' id='line_1_35' title="bbox 301 4054 1061 4135; baseline 0.011 -21"><span class='ocrx_word' id='word_1_175' title='bbox 301 4054 352 4114; x_wconf 90' lang='lat' dir='ltr'><strong>CI.</strong></span> <span class='ocrx_word' id='word_1_176' title='bbox 365 4075 381 4114; x_wconf 87' lang='lat'><em>2</em></span> <span class='ocrx_word' id='word_1_177' title='bbox 465 4055 589 4117; x_wconf 79' lang='lat' dir='ltr'><strong>ADueni</strong></span> <span class='ocrx_word' id='word_1_178' title='bbox 929 4059 1061 4135; x_wconf 71' lang='lat' dir='ltr'><strong>(Statius)</strong></span> 
     </span>
     <span class='ocr_line' id='line_1_36' title="bbox 363 4155 1207 4236; baseline 0.008 -25"><span class='ocrx_word' id='word_1_179' title='bbox 363 4156 382 4211; x_wconf 89' lang='lat'>6</span> <span class='ocrx_word' id='word_1_180' title='bbox 484 4155 544 4214; x_wconf 85' lang='lat' dir='ltr'><strong>Hei</strong></span> <span class='ocrx_word' id='word_1_181' title='bbox 556 4155 666 4217; x_wconf 89' lang='lat' dir='ltr'><strong>Misero</strong></span> <span class='ocrx_word' id='word_1_182' title='bbox 828 4161 927 4232; x_wconf 66' lang='lat' dir='ltr'><strong>(nescii)</strong></span> <span class='ocrx_word' id='word_1_183' title='bbox 939 4161 1002 4236; x_wconf 79' lang='lat' dir='ltr'><strong>quis</strong></span> <span class='ocrx_word' id='word_1_184' title='bbox 1015 4170 1059 4236; x_wconf 87' lang='lat' dir='ltr'><strong>ap.</strong></span> <span class='ocrx_word' id='word_1_185' title='bbox 1074 4158 1207 4235; x_wconf 77' lang='lat' dir='ltr'><strong>Slatzicm)</strong></span> 
     </span>
    </p>
   </div>
   <div class='ocr_carea' id='block_1_5' title="bbox 282 4251 1042 4532">
    <p class='ocr_par' dir='ltr' id='par_1_5' title="bbox 282 4251 1042 4532">
     <span class='ocr_line' id='line_1_37' title="bbox 364 4251 1042 4336; baseline 0.009 -24"><span class='ocrx_word' id='word_1_186' title='bbox 364 4251 488 4328; x_wconf 75' lang='lat' dir='ltr'><strong>7Haec</strong></span> <span class='ocrx_word' id='word_1_187' title='bbox 501 4263 600 4313; x_wconf 85' lang='lat' dir='ltr'><strong>tamen</strong></span> <span class='ocrx_word' id='word_1_188' title='bbox 761 4255 946 4336; x_wconf 86' lang='lat' dir='ltr'><strong>priscoquae</strong></span> <span class='ocrx_word' id='word_1_189' title='bbox 960 4277 1042 4319; x_wconf 88' lang='lat' dir='ltr'><strong>more</strong></span> 
     </span>
     <span class='ocr_line' id='line_1_38' title="bbox 282 4357 563 4420; baseline 0.011 -3"><span class='ocrx_word' id='word_1_190' title='bbox 282 4357 348 4418; x_wconf 91' lang='lat' dir='ltr'>CII.</span> <span class='ocrx_word' id='word_1_191' title='bbox 365 4378 376 4418; x_wconf 89' lang='lat' dir='ltr'><strong>r</strong></span> <span class='ocrx_word' id='word_1_192' title='bbox 461 4359 563 4420; x_wconf 87' lang='lat' dir='ltr'><strong>Tacite</strong></span> 
     </span>
     <span class='ocr_line' id='line_1_39' title="bbox 364 4457 801 4532; baseline 0.016 -17"><span class='ocrx_word' id='word_1_193' title='bbox 364 4457 455 4532; x_wconf 83' lang='lat' dir='ltr'><strong>3Me</strong></span> <span class='ocrx_word' id='word_1_194' title='bbox 468 4457 520 4517; x_wconf 90' lang='lat' dir='ltr'><strong>Me</strong></span> <span class='ocrx_word' id='word_1_195' title='bbox 682 4461 737 4522; x_wconf 87' lang='lat' dir='ltr'><strong>llio</strong></span> <span class='ocrx_word' id='word_1_196' title='bbox 751 4463 801 4522; x_wconf 87' lang='lat' dir='ltr'><strong>tibi</strong></span> 
     </span>
    </p>
   </div>
   <div class='ocr_carea' id='block_1_6' title="bbox 706 4618 744 4679">
    <p class='ocr_par' dir='ltr' id='par_1_6' title="bbox 706 4618 744 4679">
     <span class='ocr_line' id='line_1_40' title="bbox 706 4618 744 4679; baseline 0 0"><span class='ocrx_word' id='word_1_197' title='bbox 706 4618 744 4679; x_wconf 71' lang='lat' dir='ltr'><strong>*i</strong></span> 
     </span>
    </p>
   </div>
   <div class='ocr_carea' id='block_1_7' title="bbox 0 0 1564 5054">
    <p class='ocr_par' dir='ltr' id='par_1_7' title="bbox 0 0 1564 5054">
     <span class='ocr_line' id='line_1_41' title="bbox 0 0 1564 5054; baseline 0 0"><span class='ocrx_word' id='word_1_198' title='bbox 0 0 1564 5054; x_wconf 95' lang='lat' dir='ltr'><strong> </strong></span> 
     </span>
    </p>
   </div>
  </div>
 </body>
</html>
