3074 5066
543 393 769 459 CARMEN
800 395 905 462 CXII.

273 581 459 668 Nuptasum
482 583 550 648 laus
572 603 615 649 ea·
636 585 781 650 laudibus
803 587 955 652 eximiis:

226 697 291 761 Sed
312 699 417 762 cuiuis
438 701 586 782 quamuis
608 701 716 784 potim
737 701 942 766 succumbere
965 718 1024 784 par
1045 709 1109 785 est,

273 809 381 896 Qum
404 821 541 875 matrem
563 811 678 876 fratres
701 813 861 898 concipere
883 831 921 877 ex
945 824 1067 898 patruo.

669 1259 774 1328 CXII.

228 1417 372 1483 Mona-vs
393 1421 490 1484 homo
511 1441 559 1506 es,
581 1421 686 1507 Naso,
710 1444 812 1506 neque
833 1434 942 1488 tecum
965 1424 1084 1488 multus
1106 1424 1203 1487 homo
1224 1423 1285 1507 qui

272 1531 475 1600 Descendit:
504 1535 611 1620 Naso,
633 1535 753 1600 multus
774 1546 865 1601 eset
888 1538 1047 1622 pathicus.

172 1823 203 1862 2.
243 1820 296 1863 inus
316 1827 352 1864 ou
375 1811 468 1865 codices
484 1829 567 1866 omnes
656 1827 673 1866 e
691 1812 805 1881 Scaliger
821 1813 897 1884 uulgo
913 1823 939 1866 et
956 1815 1065 1870 helom.
1153 1827 1189 1867 ex
1202 1817 1295 1867 Passe-

127 1881 227 1933 ratius
238 1880 362 1950 Roeperuss
433 1882 459 1936 N
462 1889 589 1952 uptus-um
602 1889 644 1936 est
656 1883 713 1938 laus
725 1900 742 1937 e
754 1887 861 1940 Statius.

174 1968 202 2016 3.
241 1951 295 2004 Seu
310 1952 340 2005 Η
424 1955 501 2008 cuius
515 1955 623 2007 ADLV
706 1956 856 2023 quunuisC
948 1971 1031 2024 quam
1043 1955 1073 2008 Η
1164 1955 1294 2023 pociusO

129 2037 188 2089 par
208 2027 251 2074 aot
271 2024 351 2078 Dacd
365 2026 464 2080 Vossius
477 2026 586 2078 Lathon
598 2027 642 2078 Ha
675 2035 695 2080 t.
707 2027 779 2096 Heys.
792 2025 880 2080 Rassb.
893 2027 1014 2081 Srbooab.
1129 2041 1191 2096 paru
1210 2032 1252 2079 est
1270 2026 1295 2078 B

130 2108 168 2164 ps
181 2100 229 2146 est
240 2092 291 2147 ΠΟ
375 2119 433 2165 pou
448 2115 484 2152 unt
502 2106 560 2150 cett.
655 2113 684 2150 as
696 2104 738 2152 est
750 2098 904 2151 Parthenius
917 2096 999 2166 uulgo.

172 2184 202 2229 4.
240 2183 290 2218 om.
300 2167 325 2218 L
335 2187 354 2220 a
366 2187 401 2220 m.
408 2180 455 2237 pr.
543 2169 665 2220 materh
755 2179 815 2238 post
832 2167 932 2222 fratres
943 2171 1054 2238 spatium
1065 2179 1103 2221 est
1114 2168 1141 2221 in
1154 2168 1222 2232 Dae,
1235 2177 1296 2236 post

130 2238 301 2300 materiai
394 2245 449 2292 ere
545 2239 634 2310 ffiff'o
647 2243 676 2294 A
768 2238 878 2294 efficere
883 2251 944 2309 post
954 2239 1054 2293 fratruo
1065 2239 1127 2293 odd.
1140 2237 1295 2302 itoti,etsic

130 2305 175 2360 ed.
186 2309 237 2360 Pr.
249 2307 325 2377 uulgo
405 2310 544 2378 suscipere
556 2313 659 2382 Heysius
744 2311 891 2378 concipere
903 2310 1070 2364 Rossbachius
1147 2325 1182 2362 ex
1195 2315 1295 2378 patruo

132 2393 239 2446 parere
251 2379 405 2450 Doeringius
417 2382 587 2437 Froehiiehios
599 2382 751 2437 Seirwobius
822 2379 917 2436 fratrei
929 2397 959 2435 se
972 2380 1064 2436 tacere
1075 2381 1209 2451 hornus.

173 2653 241 2706 cim
254 2672 278 2706 c.
289 2653 358 2710 CXI
366 2655 513 2708 continesant
524 2655 615 2710 codices
628 2567 724 2711 orricii
729 2566 768 2621 H·

178 2757 204 2796 1.
240 2757 276 2792 oo
302 2743 372 2794 codd.
392 2743 491 2796 Vossius
505 2741 576 2814 Vulp.
589 2743 697 2797 Lorbm.
710 2741 799 2798 Rossb.
889 2767 938 2813 suu}
954 2767 975 2797 n·
993 2737 1301 2796 ABCGHLLa¹Lo²OV

137 2813 201 2866 Vens.
213 2811 252 2865 ab
373 2829 425 2868 nec
444 2815 473 2867 D
491 2815 672 2868 Lachmannus
688 2815 786 2884 Haupt.
798 2812 887 2868 rossi.
1009 2829 1065 2868 non
1083 2815 1158 2868 conr.
1176 2813 1207 2865 dr
1225 2811 1295 2868 Attio

136 2899 205 2936 nam
223 2883 244 2935 d
259 2882 375 2952 Scaisker
391 2883 462 2954 Vuip.
478 2885 556 2939 Doer.
569 2884 624 2939 Sili.
637 2885 710 2954 Heys.
825 2899 919 2940 secum
939 2885 1037 2937 Vossius
1155 2883 1295 2954 homoque

138 2953 385 3009 ACHLLotwi'
396 2956 455 3009 Ven.
560 2956 646 3009 homo
663 2955 712 3009 sed
730 2956 755 3008 B
772 2976 790 3009 a
807 2975 854 3009 sec.
873 2974 943 3008 man.
960 2955 1103 3010 Ded.1³r.
1210 2955 1295 3008 homo

137 3033 182 3080 ont
200 3025 258 3078 had
371 3025 456 3080 homo
475 3027 523 3080 GO
641 3026 726 3080 homo
744 3027 791 3095 qui
811 3027 909 3080 Vossius
925 3027 1027 3093 Heysius
1146 3025 1231 3080 homo
1251 3033 1294 3080 est

138 3097 187 3166 qui
200 3095 318 3165 Scaliger
329 3095 418 3150 Balio.
432 3099 542 3152 Venator
554 3099 629 3152 cine.
641 3098 671 3149 de
685 3096 754 3151 Attio
767 3099 844 3152 Doer.
857 3096 912 3150 Siti.
925 3097 1021 3166 Haupt.
1119 3095 1229 3152 homost
1246 3097 1293 3166 qui

138 3167 295 3222 Schwobius
375 3167 460 3221 homo
472 3167 521 3222 sed
534 3169 685 3239 Calpurnius
698 3169 852 3222 Parthenion
866 3168 996 3222 Guarinus
1009 3169 1125 3222 Muretus
1206 3183 1296 3236 neque

138 3245 251 3294 uotum
268 3237 371 3292 multus
387 3237 471 3292 homo
487 3239 535 3292 sed
549 3239 702 3294 Descendis
716 3238 876 3294 Gasaubmus
957 3239 1076 3292 Fortasse
1092 3253 1182 3306 neque
1200 3245 1295 3294 tecum

139 3309 245 3364 multus
264 3307 348 3363 homo
364 3309 429 3378 quin
448 3308 621 3364 Descendat:
641 3311 686 3364 uix
703 3312 769 3363 enirn
788 3310 935 3364 crediderim
954 3308 1095 3362 descendit
1113 3311 1294 3364 coniunctium

138 3399 198 3445 esse,
211 3391 242 3433 ut
254 3379 331 3434 addit
344 3381 398 3435 Ter.
411 3381 517 3435 Phor-m.
529 3383 552 3434 1.
564 3398 588 3434 o.
599 3397 631 3448 93
646 3380 703 3434 edit
715 3381 779 3434 Hor.
791 3381 872 3451 Epod.
886 3383 937 3434 111.
949 3397 973 3446 3,
989 3381 1063 3450 Verg.
1078 3379 1142 3432 Aen.
1154 3381 1222 3433 ΧΠ.
1233 3385 1294 3448 801,

140 3451 230 3506 harint
243 3451 333 3505 Plout.
345 3451 426 3505 Most.
439 3453 483 3506 IV.
498 3469 521 3505 1.
537 3467 560 3518 1,
576 3451 726 3519 temperint
739 3453 811 3505 Truc.
824 3453 846 3505 1.
862 3469 885 3505 1.
899 3469 942 3517 41·

177 3540 202 3576 a.
239 3523 315 3576 Hunc
333 3541 433 3576 seersum
450 3534 476 3576 et
509 3524 586 3576 rias-is
604 3538 695 3591 neque
712 3528 806 3576 tecum
824 3522 925 3576 multus
943 3521 1027 3574 homo
1044 3521 1111 3589 quin
1129 3519 1184 3574 alia
1202 3536 1294 3573 monus

135 3593 275 3664 pallidiore
295 3603 441 3647 atramento
460 3613 479 3646 a
513 3594 562 3646 idit
580 3595 608 3646 in
628 3613 646 3646 a
781 3599 923 3648 lis-*suntin
947 3593 1038 3644 codices
1056 3610 1138 3645 omnes
1151 3602 1259 3660 praeter
1275 3611 1293 3644 a

142 3663 305 3718 Descendit
321 3684 342 3718 a
454 3663 607 3718 Descendis
625 3663 777 3718 Parthenius
796 3665 925 3718 Guarinus
937 3662 1063 3716 turnebu
1077 3663 1186 3716 Aduers.
1196 3663 1295 3717 XXII.

143 3741 174 3788 18
188 3737 310 3788 Muretus
441 3734 487 3788 Te
506 3734 630 3788 escendit
649 3735 737 3788 Baith.
752 3736 862 3788 Venator
987 3734 1034 3787 Te
1051 3733 1150 3788 scindit
1168 3733 1295 3803 theasius

139 3809 202 3860 Post
220 3805 298 3860 Naso
314 3807 472 3876 interpunxit
488 3806 592 3874 Heyss'us
708 3811 751 3858 est
769 3811 798 3860 et
817 3807 841 3860 G
858 3805 979 3870 ed.1473
1097 3812 1128 3858 ut
1144 3805 1235 3858 Hom.
1252 3811 1295 3858 est

140 3875 510 4002 patu-sgb'ACiiloonh
612 3875 749 3944 sapiencia
766 3875 786 3928 d
884 3877 919 3931 H.
933 3878 969 3931 A.
982 3877 1004 3930 1.
1020 3876 1116 3930 Munro
1133 3877 1294 3946 epigramma

138 3951 175 4002 sis
188 3966 218 4001 sc
239 3949 246 3964 '
266 3950 284 4000 't

266 4033 365 4087 Mutus
375 4034 461 4087 homo
473 4047 511 4100 es,
523 4031 607 4098 Naso,
619 4047 710 4102 neque
722 4038 815 4086 tecum
828 4039 920 4088 mutus
932 4031 1042 4088 homost
1055 4033 1101 4104 qui

308 4109 331 4241 {
338 4103 510 4229 ulssescenc‘lliQ
528 4101 603 4157 Naso
614 4112 706 4157 mutus
718 4117 748 4156 es
760 4108 790 4156 et
802 4104 934 4172 pathicus.

368 4175 454 4229 escin
476 4175 497 4229 it

138 4282 165 4334 b.
173 4299 196 4334 e.
209 4281 255 4347 Tu,
265 4279 348 4344 Naso,
360 4289 445 4346 taces,·
462 4297 511 4332 non
522 4287 590 4332 tacet
602 4287 681 4331 tecum
691 4276 732 4348 (h.
739 4296 760 4330 e.
770 4297 826 4344 non,
836 4287 864 4330 ut
875 4289 912 4346 tu,
921 4279 1002 4352 iacet)
1013 4283 1036 4336 is
1047 4283 1091 4352 qui
1101 4292 1126 4336 te
1134 4301 1187 4352 -5
1202 4281 1237 4337 ab
1249 4283 1294 4336 boc

137 4353 230 4424 igitur,
241 4350 360 4422 quamuis
371 4352 424 4422 ipse
434 4359 530 4418 taceas,
540 4349 670 4404 edocemur
679 4357 704 4403 re
714 4367 766 4403 esse
771 4350 914 4419 patbicurn.

675 4617 763 4664 ΕΗ
