3136 5060
618 419 676 478 ΑΙ)
700 417 809 480 XCIX.
827 441 852 492 a,
871 440 917 497 13.
1283 425 1341 481 337

199 596 330 658 Catullus
353 615 415 676 quo
436 597 546 659 Plinius
567 599 753 661 cochlearum
775 611 938 660 ostreorum
963 617 1162 678 purpurarum.
1192 599 1264 660 V.8
1287 600 1343 658 ab·

198 698 319 756 stersti
346 697 416 758 Ter.
437 697 513 758 Eun.
534 698 587 757 IV.
611 713 637 774 7.
659 718 677 775 9
706 699 887 776 abstergerem
913 702 1040 760 aalma.
1085 699 1224 760 Primario
1253 716 1343 758 sensu

197 795 327 856 labella
353 796 557 873 abstergere
577 798 675 874 posuit
689 797 808 858 Plautus
820 798 904 858 Asin.
919 797 972 858 IV.
992 817 1016 856 r.
1032 813 1070 874 52

403 949 485 1022 Quod
495 951 545 1012 illa
559 957 648 1010 autem
662 952 771 1012 simulet
782 955 867 1029 quasi
870 952 995 1029 grauedo
1002 951 1131 1030 prasina!

400 1049 465 1109 Hoc
477 1069 510 1108 ne
522 1051 563 1108 sic
564 1049 672 1128 facilit,
686 1058 716 1110 ιιι
737 1050 902 1110 labellum
923 1051 1130 1128 abstergeas

399 1145 501 1208 Ponite
514 1167 596 1225 quam
609 1151 753 1226 qumquam
766 1146 982 1225 saurnmsacmt
990 1149 1085 1226 palam

198 1313 285 1372 quem
299 1295 346 1355 hic
361 1294 506 1356 Catullum
520 1296 662 1356 imitamm
676 1295 764 1356 fuisse
778 1296 957 1356 crediderim.

236 1393 321 1454 Haec
332 1395 401 1455 satis
410 1395 523 1454 suntad
534 1395 793 1454 demonstrandum
808 1395 838 1455 id
848 1395 929 1472 quod
943 1392 1011 1465 dixi,
1022 1393 1075 1453 toti
1085 1392 1205 1453 carmini
1220 1392 1340 1464 subesse

197 1492 306 1569 aliquid
330 1493 409 1570 quod
433 1493 472 1554 ad
495 1492 670 1552 medicinam
694 1493 845 1570 pertineat.
893 1492 958 1552 lure
981 1492 1066 1568 igitur
1089 1490 1147 1550 hnc
1170 1490 1340 1550 ambrosion

197 1593 334 1654 retuleris.
388 1593 566 1671 Quanquam
591 1593 669 1652 cnhn
696 1593 879 1659 ambrosia,
907 1611 978 1664 non,
1005 1601 1146 1669 quantum
1176 1591 1247 1662 scio,
1275 1608 1341 1648 am·

198 1691 342 1751 brosion
371 1709 502 1751 summae
523 1691 684 1751 dulcedinis
704 1692 876 1768 plerumque
902 1690 1024 1750 habetur
1048 1689 1223 1766 exemplum,
1248 1698 1281 1749 ut
1302 1689 1340 1747 ab

198 1789 290 1867 Ibyco
307 1791 385 1867 apud
401 1790 583 1849 Athenaeum
603 1789 642 1848 ll.
658 1794 673 1861 ᾗ
690 1807 728 1864 39
750 1789 853 1848 dicitur
874 1793 921 1846 τοῦ
939 1789 1046 1860 μέλιτος
1066 1789 1254 1845 ἐννεαπλασίαν
1273 1791 1342 1859 ἔχον

198 1887 353 1962 γλυκύτητα,
381 1888 417 1947 cl.
440 1887 675 1962 Eustath.1633.
694 1906 726 1946 rr
758 1906 820 1946 non
848 1887 956 1946 idcirco
984 1885 1131 1946 Catullum
1165 1885 1341 1944 ambrosia

199 1984 305 2044 dixisse
319 2003 381 2045 non
394 1986 572 2045 ambrosio
586 1986 722 2062 argueris.
766 1985 845 2044 Nam
864 1986 889 2045 si
910 1984 1085 2043 ambrosia
1107 1984 1225 2042 dixisset
1245 1983 1342 2061 potuit

198 2083 329 2160 legentes
346 2083 442 2144 fallere
457 2085 600 2143 sententia
612 2083 685 2143 haec
699 2083 788 2142 altera
801 2085 960 2154 obscurior,
975 2100 1050 2159 quae
1064 2101 1131 2142 cum
1146 2082 1280 2158 primaria
1294 2081 1341 2141 illa

199 2181 392 2258 coniungitur.
433 2181 571 2242 Venisset
592 2183 671 2240 enim
694 2181 725 2241 in
747 2193 877 2242 mentem
900 2182 956 2241 cibi
979 2182 1026 2240 uel
1051 2181 1188 2258 potionis,
1211 2180 1341 2239 lanuisset

199 2278 316 2338 herbae.
358 2279 394 2338 Id
413 2299 450 2338 ne
471 2280 560 2352 fieret,
576 2281 710 2342 consulto
725 2289 859 2338 neutrum
880 2279 1056 2339 uocabulum
1078 2277 1257 2338 adhibiturus
1278 2287 1342 2336 erat

199 2394 258 2454 quo
273 2378 357 2436 simul
372 2379 493 2438 deorum
508 2379 587 2437 illurn
601 2380 698 2439 cibum
713 2379 895 2455 exprimeret,
910 2377 995 2436 simul
1010 2377 1193 2436 medicinam.

239 2476 303 2534 Iam
317 2477 468 2536 uideamus
482 2496 571 2554 quam
590 2477 712 2536 herbam
732 2477 894 2553 significare
915 2477 1048 2553 potuerit.
1090 2475 1239 2534 Ambrosia
1260 2475 1339 2534 enim

198 2585 231 2633 ut
249 2574 323 2633 Plini
339 2574 478 2649 (XXVII.
497 2577 547 2649 28)
569 2577 665 2635 uerbis
685 2587 759 2648 utar,
780 2578 852 2652 uagi
868 2577 986 2633 nomimis
1006 2582 1033 2632 et
1050 2575 1124 2634 cr'rca
1145 2574 1218 2632 altas
1239 2573 1340 2632 bmbas

190 2673 327 2751 fluctuati
344 2693 428 2731 unam
447 2673 529 2732 habet
545 2682 655 2746 certam,
676 2675 786 2733 demam
807 2692 945 2733 ramosam
965 2681 1075 2745 tenum,
1097 2674 1183 2731 lrrirm
1191 2672 1260 2751 sere
1275 2673 1341 2747 pal·

197 2791 312 2842 ntorum,
332 2774 413 2830 tertr'a
436 2780 517 2847 parte
540 2774 632 2831 radice
658 2769 790 2844 brmzhre,
799 2772 888 2851 siliis
915 2780 996 2831 rutae
1020 2773 1097 2830 circa
1119 2774 1203 2830 rmum
1227 2771 1338 2830 caulem.

198 2869 238 2928 In
251 2871 369 2928 ramulis
382 2889 467 2928 semen
481 2877 521 2929 est
532 2873 597 2928 uuis
610 2871 820 2946 dependentibus,
831 2872 911 2929 odore
924 2873 1026 2942 ον’ννοιο,
1041 2889 1096 2946 qua
1106 2871 1138 2926 de
1150 2889 1235 2928 causa
1250 2869 1339 2945 botrys

198 2991 217 3028 ο
235 2971 396 3046 quirendam
413 2979 536 3044 uocatur,
551 2972 586 3030 ab
605 2972 671 3030 alri's
687 2973 840 3030 crtemriia.
883 2971 974 3030 Simili
992 2972 1082 3031 modo
1096 2970 1196 3031 Diosc.
1211 2970 1266 3032 111.
1282 2991 1337 3048 ¹19

198 3069 248 3144 qui
262 3087 327 3127 eam
341 3074 373 3140 τῇ
387 3071 456 3141 αἀμῇ
471 3073 564 3142 αἰνώᾶη
578 3069 654 3129 dicit.
697 3068 767 3130 Huc
787 3070 928 3129 relaturus
950 3088 1030 3129 eram
1045 3069 1149 3129 Catulli
1160 3072 1338 3144 ambrosion,

198 3168 254 3226 nisi
281 3186 330 3226 me
358 3167 539 3227 Dioscoridis
566 3179 739 3228 euocassent
766 3169 865 3239 uerba,
893 3169 930 3228 de
958 3169 1042 3227 aizoo
1071 3167 1144 3228 haec
1177 3170 1338 3229 scribentis.

197 3265 315 3335 Ἀιέξωον
327 3269 358 3323 τὸ
370 3270 437 3342 μέγα
451 3269 598 3339 ὠνόμοσται
611 3269 697 3325 διὰτὸ
710 3269 829 3326 dedatis
841 3273 893 3323 τῶν
905 3265 1025 3340 φύλλων·
1048 3269 1073 3322 ol
1092 3269 1121 3323 di
1138 3267 1257 3325 ἀειθαλὲς
1272 3271 1297 3323 ol
1310 3270 1339 3324 δι’

197 3364 353 3438 ἀμβρόσιον,
374 3369 400 3421 ol
419 3366 448 3422 δι’
468 3367 668 3440 χρυσίσπιρμον
681 3369 706 3422 ol
726 3366 754 3422 δι’
775 3367 958 3438 ζωόφθολμον,
973 3368 999 3421 oi
1019 3367 1048 3421 δι’
1068 3363 1252 3437 βοῦφθολμον,
1267 3369 1292 3421 nl
1311 3367 1340 3422 δι’

199 3463 369 3536 στέργηθρον,
380 3467 405 3519 ol
418 3465 447 3521 δι’
460 3466 569 3535 albatos,
581 3467 605 3520 oi
618 3465 648 3521 δὲ
660 3463 809 3537 ἇείχρινσον,
819 3467 844 3519 ol
858 3465 886 3519 δι’
900 3466 1059 3536 ὁλόχρυσον,
1069 3466 1094 3518 ol
1108 3465 1136 3519 δὲ
1149 3464 1339 3536 χρυσάνθιμον,

197 3564 223 3617 oi
237 3563 265 3616 di
278 3561 453 3635 πρωτόγονον,
468 3565 492 3617 ol
505 3564 534 3618 δὲ
551 3566 639 3636 βόρος,
654 3565 679 3618 ol
699 3564 727 3618 ds*
748 3564 839 3632 ndreae,
854 3564 987 3634 προφῆται
1007 3559 1166 3634 παρωνυχίο,
1181 3563 1206 3616 ol
1226 3563 1255 3616 δι’
1274 3585 1337 3635 χρυ-

198 3647 275 3727 circs,
290 3659 407 3730 Ῥωμαῖοι
421 3659 612 3732 κηριοκοῦσσια,
627 3664 652 3715 ol
666 3663 694 3716 δὲ
707 3661 786 3728 Ἰόβις
798 3659 896 3731 κούλις,
910 3662 935 3715 oi
949 3661 978 3715 δι’
991 3660 1117 3730 διοπετὲς,
1132 3662 1156 3716 ol
1170 3661 1199 3716 δι’
1209 3661 1338 3730 condisp-

192 3759 262 3830 Ιμιῖιρ,
285 3755 421 3830 Αἰγύπτιοι
447 3757 595 3830 πομφονῆς.
636 3758 729 3815 <hirrus
756 3760 779 3815 δ’
793 3761 821 3815 ἰν
842 3762 932 3817 τόποις
957 3759 1064 3832 ὀρεινοῖς
1085 3761 1126 3816 nol
1148 3761 1176 3814 ἐν
1203 3760 1340 3833 ὀστράκοις

196 3857 260 3912 ἔνιοι
280 3854 440 3928 φυτεύουσιν
459 3856 523 3910 αὐτὸ
543 3857 585 3912 ἐπλ
605 3861 657 3911 τῶν
677 3857 830 3926 οἰκημάτων.
872 3857 985 3927 Διἰναμιν
1004 3855 1027 3913 δ’
1048 3859 1103 3929 ἶχιι
1123 3859 1252 3930 ψυκτικὴν
1273 3857 1337 3914 cni·-

197 3957 312 4027 φουααν.
350 3952 421 4012 Plin.
436 3952 530 4012 XXV.
547 3956 604 4012 160
617 3954 704 4013 Αίιιοι·
714 3955 767 4013 duo
775 3974 880 4032 genera
889 3975 904 4024 ,·
925 3957 1016 4014 mariis
1030 3957 1060 4012 ι’νι
1066 3955 1202 4034 fictilibus
1216 3958 1339 4016 aesculis

197 4053 304 4109 serrlur
324 4094 356 4109 ..
378 4095 386 4109 .
408 4097 415 4111 .
437 4096 445 4109 .
466 4059 534 4110 sunt
554 4054 606 4128 qui
629 4053 795 4112 ambrosiam
819 4059 919 4111 uocant
938 4060 963 4110 et
985 4055 1036 4129 qui
1055 4057 1234 4125 amerirnnon,
1248 4054 1337 4114 Ilnlrh

196 4149 288 4206 sedum
315 4167 446 4226 magnum
469 4157 521 4208 aut
544 4151 650 4209 oculum
671 4157 722 4209 aut
741 4151 898 4228 drgrlrllum.
941 4151 1025 4211 Haec
1047 4170 1108 4211 non
1131 4153 1207 4212 male
1232 4153 1338 4213 Catulli

198 4246 264 4306 loco
279 4249 435 4306 conuenire
450 4249 579 4322 arbitror,
594 4267 662 4308 nam
677 4257 706 4307 et
719 4260 789 4309 nota
805 4249 895 4308 herba
914 4249 967 4308 suit
985 4267 1020 4309 ac
1041 4268 1116 4326 pene
1137 4251 1292 4324 familiaris,
1306 4265 1339 4314 ut

197 4343 323 4417 quaein
346 4343 479 4402 fictilibus
504 4354 566 4404 sata
588 4343 670 4403 fucrit
692 4357 722 4402 et
747 4345 923 4404 amatoribus
946 4347 1050 4405 usitata
1071 4346 1100 4404 id
1122 4349 1202 4424 quod
1227 4367 1337 4408 nomen

198 4443 360 4516 στέργηθρον
368 4441 484 4514 indicat,
493 4453 522 4502 et
530 4443 657 4503 elleboro
671 4443 731 4502 iure
745 4444 889 4518 opposita,
899 4461 973 4520 quae
988 4444 1165 4522 astringendi
1174 4448 1234 4506 uim
1248 4448 1338 4508 utilia

739 4562 795 4608 XX
