3074 5066
504 392 734 454 CARMINVM
763 392 953 453 CATVLLI.
1241 393 1298 448 281

315 575 346 634 iu
359 575 461 634 ultImo
481 593 568 636 uersu
581 577 694 652 legatur
706 576 737 635 id
755 575 836 652 quod
849 575 982 635 ultimum
998 583 1044 632 εει
1058 571 1125 632 Non
1144 574 1174 632 si
1189 573 1302 630 marusa

315 694 343 732 se
363 679 417 750 pse
437 684 515 734 aare!
531 679 640 752 capitu
668 677 749 752 quod
769 676 848 735 idem
869 675 946 734 cadit
968 675 997 732 in
1014 672 1156 732 XCVIII.
1172 674 1190 730 6
1213 689 1302 747 quem

315 791 433 832 uersum
458 773 615 851 aliquando
640 785 773 850 putaram
801 791 870 832 cum
894 773 939 832 his
964 769 1205 846 coniungendum
1227 786 1301 828 esse.

316 869 387 930 Post
401 871 482 931 XCI.
498 890 534 930 10
555 890 606 932 eos
627 873 726 948 posuit
747 871 932 930 Conradinus
953 870 991 928 de
1011 869 1104 940 Alli03
1133 885 1195 926 non
1215 867 1302 938 male,

315 968 368 1026 sed
389 987 427 1026 ne
447 969 495 1029 hic
516 970 634 1046 quidem
656 970 725 1028 satis
746 969 939 1045 probabiliter,
957 985 1005 1026 me
1026 967 1129 1026 iudice.
1172 966 1302 1025 Carmen

316 1066 396 1125 enim
416 1067 441 1125 si
461 1067 498 1126 de
517 1067 623 1126 eodem
638 1067 734 1126 Gellio
749 1077 794 1126 est
807 1067 890 1126 cuius
903 1066 984 1124 labra
998 1063 1185 1140 spurcissima
1198 1064 1257 1122 iam
1272 1062 1302 1120 in

317 1181 342 1221 c.
358 1163 472 1222 LXXX
485 1175 585 1224 notata
599 1175 675 1236 sunt,
689 1164 793 1224 meiius
808 1164 898 1222 finem
912 1163 989 1238 capit
1003 1163 1032 1220 in
1047 1161 1171 1222 disticho
1186 1177 1241 1220 suo

382 1302 426 1361 Tu
438 1307 508 1363 talu
522 1306 555 1363 id
564 1306 672 1372 duxb',·
695 1309 801 1362 tantm
816 1303 869 1361 b'br‘
874 1303 1012 1378 gaudiam
1027 1303 1057 1359 r‘n
1070 1302 1147 1359 omm'

421 1401 511 1477 Culpa
525 1405 606 1460 esitii
620 1422 778 1478 quacunque
791 1408 831 1460 est
842 1401 953 1476 etquid
962 1399 1080 1458 sceleris.

318 1549 399 1624 quod
421 1559 452 1608 ut
474 1550 607 1610 uersibus
625 1549 718 1610 XCV.
734 1569 822 1625 9,1o,
842 1551 881 1609 ita
902 1547 1124 1628 quodammodo
1145 1548 1237 1607 simile
1258 1559 1305 1607 est

318 1646 371 1705 illis
406 1649 511 1724 quibus
548 1647 739 1708 LXXXVIII
780 1648 890 1718 clausit,
925 1657 954 1706 et
991 1649 1097 1724 quibus
1133 1645 1304 1706 LXXXIX.

319 1743 423 1803 Restat
436 1755 468 1804 ut
481 1756 531 1805 aut
544 1755 613 1823 post
626 1744 780 1804 LXXVII.
796 1748 814 1803 6
829 1745 969 1820 scriptum
983 1745 1028 1814 sit,
1043 1754 1094 1803 aut
1107 1743 1303 1820 fragmentum

320 1843 356 1900 sit
376 1843 594 1919 epigrammatis
614 1845 696 1902 cuius
717 1853 813 1902 cetera
829 1843 981 1920 perierint:
1004 1843 1045 1901 sic
1066 1842 1145 1900 enim
1166 1842 1304 1917 opinatus

319 1949 363 1999 est
387 1939 532 2018 Bergkius
554 1960 609 2001 nec
634 1943 757 2001 omnino
785 1941 887 2000 abnuit
907 1939 1113 2017 Westphaiius,
1134 1955 1304 2017 quanquam

319 2049 440 2115 uterque
464 2039 552 2098 etiam
574 2040 662 2098 alium
684 2039 782 2099 locum
807 2039 993 2115 assignarunt
1016 2038 1157 2108 uersibus,
1181 2037 1228 2096 hic
1253 2037 1305 2096 ubi

320 2137 454 2212 leguntur
472 2137 502 2196 in
521 2138 680 2208 codicibus,
694 2135 838 2214 Bergkius
852 2147 920 2214 post
934 2136 1134 2196 LXXXVIII.
1150 2137 1178 2193 8.
1219 2134 1304 2193 Illam

320 2233 437 2311 Bergkii
457 2238 632 2295 sententiam
650 2247 682 2295 ut
699 2235 897 2312 fragmentum
914 2235 972 2295 sint
985 2236 1043 2294 hoc
1057 2236 1118 2294 ueri
1133 2234 1210 2294 duco
1225 2235 1304 2293 simi·

320 2331 421 2391 liorem
442 2334 523 2411 quod
544 2335 665 2410 repetita
685 2335 715 2392 in
736 2333 891 2393 LXXVII.
908 2349 935 2407 5,
951 2336 969 2392 6
984 2333 1037 2392 heu
1050 2333 1103 2392 heu
1116 2339 1225 2391 nostrae
1242 2349 1305 2391 car·

321 2449 389 2490 men
411 2431 522 2508 optime
543 2431 688 2503 claudunt,
710 2432 879 2509 praesertim
901 2432 925 2491 si
948 2441 1025 2492 recte
1048 2432 1188 2508 scriptum
1209 2439 1254 2489 est
1274 2429 1305 2488 in

321 2529 470 2588 codicibus
484 2537 594 2588 nostrae
607 2539 709 2608 pectus
723 2533 868 2590 amt'ctbbe.
891 2529 937 2590 Cs.
952 2529 1033 2590 CIX.
1048 2532 1076 2588 6.

197 2676 244 2758 (5)
267 2677 487 2754 Epigrammata
505 2697 539 2737 12
556 2696 702 2738 uersuum.

279 2799 424 2877 mempa
446 2811 513 2860 sunt
527 2801 695 2874 mxxiv,
711 2801 836 2862 xcvii.
878 2802 917 2861 st
938 2799 1099 2861 cxxxiv
1120 2799 1239 2877 quidem
1264 2800 1306 2861 stc

321 2899 503 2958 distributum
517 2909 562 2960 est
576 2902 638 2970 6,6
660 2901 699 2959 ita
717 2911 815 2960 tamen
834 2911 866 2959 ut
887 2901 946 2960 duo
966 2900 1051 2976 primi
1070 2916 1172 2958 uersus
1191 2899 1306 2958 duobus

320 2997 518 3073 respondeant
532 2999 695 3074 postremis.
731 2998 847 3057 XCVII
861 3000 961 3058 Intres
976 2997 1110 3074 strophas
1121 3016 1139 3068 4
1150 3014 1305 3068 uersuum;

322 3113 446 3171 quarum
463 3114 539 3172 quae
558 3097 651 3173 prima
669 3109 714 3156 est
728 3097 853 3156 eandem
875 3114 937 3155 rem
955 3096 1000 3155 bis
1014 3095 1097 3171 ponit
1111 3113 1201 3172 quam
1215 3094 1308 3154 semel

321 3195 403 3252 tertIa
418 3192 448 3272 (a
465 3195 564 3266 culum,
581 3214 598 3266 4
612 3195 699 3264 culus,
717 3193 881 3273 iamlam).

198 3347 331 3407 Ventum
354 3358 398 3410 est
420 3348 459 3408 ad
481 3349 609 3408 carmina
628 3367 704 3426 quae
724 3347 795 3408 LXI
817 3348 1004 3426 praecedunt.
1057 3345 1151 3418 Haec,
1166 3361 1234 3406 cum
1256 3355 1307 3404 aut

157 3445 248 3522 lyrica
268 3445 326 3504 sint
345 3456 395 3506 aut
418 3445 539 3522 lyricum
558 3445 676 3522 aliquod
696 3464 765 3521 prae
780 3445 928 3516 scierant,
943 3445 1001 3504 iam
1016 3445 1046 3502 in
1061 3455 1186 3522 quatuor
1198 3461 1308 3520 genera

158 3543 299 3619 descripsi
319 3541 359 3622 (I)
375 3543 527 3603 Mesodica
549 3542 606 3623 (II)
622 3543 764 3604 Proodica
784 3540 855 3621 (ΙΙΙ)
870 3542 1003 3620 Epodica
1026 3539 1095 3620 (IV)
1113 3542 1218 3602 Cetera
1231 3557 1308 3618 quae

158 3641 326 3718 aequabiles
346 3659 483 3701 numeros
501 3642 618 3714 babent,
634 3642 687 3702 sed
701 3659 755 3701 nec
770 3639 924 3701 Mesodica
943 3651 1018 3712 sunt,
1034 3659 1089 3700 nec
1106 3659 1173 3702 cum
1188 3639 1306 3701 Proodo

160 3747 210 3798 aut
224 3739 331 3816 Epodo
345 3739 509 3800 coniuncta.

727 3951 751 4014 I.

652 4091 813 4151 Mesodica

405 4240 429 4281 c.
445 4221 497 4293 VI,
513 4221 597 4292 VIII,
617 4223 699 4294 XIV,
718 4223 814 4294 XXV,
834 4221 942 4294 XLIV,
961 4219 1069 4282 XLVI.

202 4361 347 4422 Carminis
368 4361 410 4420 VI
431 4363 559 4422 medium
584 4363 682 4422 Iocum
703 4373 801 4424 tenent
821 4379 835 4438 7
857 4381 967 4434 uersus,
989 4362 1094 4438 quibus
1116 4359 1308 4420 adnectuntur

160 4461 295 4538 utrinque
318 4477 344 4534 5.
400 4459 439 4519 Hi
462 4480 563 4522 uersus
585 4462 615 4521 in
638 4481 684 4538 32.
709 4482 745 4536 23
771 4463 949 4523 scinduntur.
992 4461 1094 4538 Itaque
1119 4463 1207 4533 σχῆμα
1232 4457 1308 4517 facio

708 4585 727 4626 o
743 4586 762 4626 o
