3136 5060
651 426 707 484 AD
730 426 848 486 111.1⁶.
1262 433 1320 488 309

180 611 354 670 ‘souueuirs
370 609 536 670 conlondus
554 610 628 670 dans
647 629 680 670 sa
696 611 835 671 memoire
853 610 984 671 s'etaient
1000 610 1167 672 confondus
1187 612 1260 672 dans
1279 613 1321 674 les

179 715 188 740 ⁶
201 707 411 786 uersr'cedr'qu'il
421 709 498 768 auait
507 708 593 768 ecrits
603 728 652 769 sur
662 709 690 769 la
700 719 777 769 mort
787 711 825 769 de
834 710 862 769 la
872 712 960 788 petite
968 709 1058 788 Mna,
1067 712 1207 788 quelques
1217 711 1322 772 heures

180 806 331 884 ‘peutttre
351 805 437 884 apres
456 807 484 867 le
504 809 635 886 traquue
655 807 837 882 eueuement
856 819 886 868 et
906 810 935 868 la
954 811 1040 868 ieune
1061 809 1148 869 Dona
1166 808 1320 890 (Domina)

179 906 252 982 ‘qui
262 906 304 964 les
318 905 395 964 auait
405 905 450 965 lus
463 905 630 984 longtemps
644 916 732 966 auant
745 925 821 966 nous
835 907 911 966 auait
925 907 1133 967 certainement
1142 906 1187 966 ete
1198 906 1320 968 touchee

178 1008 188 1036 ⁴
201 1004 239 1063 de
250 1023 284 1064 ce
292 1003 381 1080 pieux
395 1003 554 1081 hommage
568 1004 641 1063 dont
654 1022 712 1063 nne
725 1005 825 1064 bonne
838 1006 929 1082 partie
943 1006 1097 1064 remontait
1111 1005 1223 1083 iusqu'b
1233 1003 1319 1064 elle¹.'

180 1105 226 1176 (a)
241 1101 318 1161 Cum
338 1103 404 1160 ista
423 1103 454 1160 in
472 1120 500 1161 u.
515 1119 528 1161 1
545 1103 674 1180 positum
694 1103 738 1174 sit,
753 1120 815 1161 non
831 1102 869 1162 ad
886 1103 1055 1179 scriptorem
1070 1105 1205 1163 carminis
1218 1121 1320 1163 neces·

178 1201 256 1260 sario
276 1199 437 1260 referuntur
456 1218 505 1260 uu.
518 1219 575 1276 a,3
595 1200 649 1260 sed
667 1211 701 1265 ut
721 1203 817 1261 sinus
840 1201 880 1260 ita
903 1218 1044 1260 somnus
1067 1211 1096 1261 et
1120 1202 1233 1262 cubile
1257 1203 1320 1262 eius

179 1310 247 1358 sunt
274 1317 350 1377 quae
378 1317 466 1359 uersu
495 1303 513 1358 6
541 1299 666 1376 primum
700 1309 944 1359 commemoratur
973 1300 1128 1359 ‘Riualis
1162 1300 1320 1360 dominae

179 1399 188 1427 ⁴
201 1395 404 1455 licentiosa’
447 1398 493 1472 (3)
508 1395 615 1456 Melius
631 1397 669 1456 ab
683 1406 812 1456 amatore
829 1397 966 1456 dominae
979 1397 1083 1456 dicitur
1095 1397 1143 1456 hic
1157 1400 1215 1456 u.6
1230 1415 1319 1480 quam

178 1495 218 1553 ab
231 1495 295 1570 ipsa
308 1492 436 1565 domina,
450 1509 539 1570 quam
553 1480 615 1553 uon
628 1493 717 1553 credo
730 1495 767 1554 de
786 1494 886 1554 alienis
905 1494 1052 1554 amoribus
1071 1494 1212 1554 dicturam
1231 1495 1319 1555 luisse

179 1594 210 1651 in
232 1592 380 1669 epitaphio
402 1592 549 1652 delicatae.
592 1591 703 1652 Contra
723 1593 747 1651 si
768 1593 806 1652 ad
827 1601 987 1651 amatorem
1008 1592 1164 1666 referimus,
1184 1592 1252 1652 lecit
1271 1593 1319 1653 bic

179 1691 257 1750 idem
278 1692 358 1769 quod
379 1689 509 1751 Catullus
529 1691 567 1750 de
587 1689 711 1751 Lesbiae
731 1709 800 1750 suae
821 1709 946 1768 passere,
968 1691 1092 1752 Ouidius
1114 1692 1151 1752 de
1174 1690 1319 1752 Corinnae

178 1791 312 1868 psittaco,
331 1789 438 1850 Statius
458 1790 495 1849 de
516 1790 639 1865 psittaco
660 1789 747 1849 Atedi
765 1788 903 1862 Melioris,
921 1789 1061 1850 Martialis
1080 1791 1117 1850 de
1135 1790 1200 1850 Issa
1218 1790 1319 1850 catella

178 1887 270 1947 Publi
312 1887 408 1946 Etiam
421 1906 469 1947 uu.
486 1903 564 1963 7-10
582 1887 620 1947 ad
638 1889 753 1946 tertium
773 1887 899 1965 aliquem
916 1889 1019 1947 merito
1032 1888 1154 1961 reseras;
1176 1889 1225 1947 uix
1239 1890 1319 1948 enim

179 1985 216 2045 de
230 1986 291 2046 suis
305 1986 414 2046 deliciis
433 1987 592 2063 scripsisset
611 1985 728 2046 Altum
749 1986 816 2045 iam
836 1995 927 2046 tenet
948 1987 1092 2046 insciam
1113 1988 1318 2065 sepulcrum,

178 2105 254 2164 quae
267 2087 357 2146 uerba
375 2087 489 2164 poetice
507 2087 601 2164 magis
615 2105 704 2164 quam
723 2105 760 2146 ex
778 2105 850 2148 uero
869 2087 976 2147 affectu
994 2088 1071 2148 dicta
1089 2088 1230 2148 uidentur.
1272 2087 1319 2147 De

178 2185 300 2244 artificio
313 2195 417 2262 poetae
431 2187 507 2245 bene
521 2186 654 2245 disseruit
669 2185 848 2246 Biscboffius.
878 2185 988 2246 Versus
1003 2188 1081 2246 enim
1095 2196 1176 2246 arcto
1190 2187 1319 2264 quodam

178 2283 296 2342 uinculo
317 2284 390 2342 inter
411 2301 443 2342 se
465 2295 672 2356 conectuntur3
703 2303 731 2356 4,
754 2297 788 2358 73
820 2303 847 2359 3,
870 2287 888 2343 8
910 2285 961 2343 ubi
988 2285 1167 2360 respondent
1194 2286 1318 2356 somni,

179 2383 389 2460 sepulerum
413 2398 468 2459 5,9
482 2385 532 2443 ubi
545 2384 689 2444 latrares
712 2387 840 2458 seuire;
867 2405 891 2457 r,
904 2404 941 2445 ro
954 2386 1004 2444 ubi
1019 2385 1138 2456 dulcis,
1158 2385 1318 2463 benigna,

178 2482 317 2542 blandis
340 2483 514 2543 morsibus
536 2483 682 2544 renides.
724 2484 922 2561 Detempore
943 2502 1003 2561 quo
1025 2484 1163 2560 scriptum
1183 2495 1227 2544 est
1247 2485 1319 2544 nihil

178 2580 321 2658 explorati
332 2579 437 2640 habeo.
473 2580 564 2653 Quod
578 2582 657 2640 enim
670 2582 768 2640 literae
782 2599 885 2640 omnes
899 2593 967 2651 sunt
981 2583 1166 2654 maiusculae‚
1180 2583 1318 2660 quodque

178 2680 233 2739 nisi
251 2681 282 2738 in
300 2697 360 2738 uuo
380 2679 525 2739 uocabulo
546 2679 712 2740 MORSIB.
733 2699 787 2757 pro
808 2679 1018 2741 MORSIBVS
1038 2681 1144 2740 absunt
1161 2682 1319 2758 scripturae

178 2779 361 2855 compendia,
376 2797 437 2837 non
454 2778 576 2838 multum
596 2779 665 2838 binc
686 2779 872 2838 concluditur.
916 2778 1017 2839 Vnum
1035 2779 1072 2838 de
1092 2796 1160 2839 meo
1178 2779 1318 2840 afferam:

177 2877 209 2935 in
221 2895 249 2935 u.
266 2889 283 2951 5
305 2876 410 2936 modo
431 2877 511 2954 quod
528 2877 656 2954 plerique
675 2895 743 2936 cum
763 2877 907 2936 latrares
928 2878 1117 2954 coniunglmt,
1132 2877 1201 2936 mihi
1222 2879 1319 2956 potius

178 2993 247 3035 cum
267 2975 295 3034 si
323 2975 400 3052 quis
427 2976 609 3035 adcubaret
631 2975 869 3051 coniungendum
888 2975 987 3034 uideri.
1039 2974 1109 3034 Non
1130 2976 1208 3034 enim
1231 2977 1320 3036 credo

177 3085 296 3152 poetam
314 3075 416 3134 modo
435 3092 589 3151 usurpasse
609 3074 666 3133 hoc
688 3092 776 3133 sensu
794 3084 826 3132 ut
842 3075 920 3134 idem
935 3074 1015 3150 quod
1033 3093 1142 3151 nuper
1162 3085 1256 3146 esset;
1278 3075 1319 3134 sic

177 3175 256 3232 enim
271 3174 498 3250 exspectandum
519 3183 596 3232 esset
617 3173 790 3244 Latrabas,
809 3191 870 3232 non
891 3172 1061 3232 Latrares.
1105 3170 1134 3230 Si
1152 3182 1250 3230 autem
1263 3190 1319 3249 pro

177 3281 309 3330 tantum
328 3271 486 3348 usurpauit,
500 3270 571 3348 quid
585 3271 653 3329 uelit
667 3289 728 3328 non
743 3271 889 3348 intellego.
933 3270 1044 3330 Contra
1063 3271 1169 3330 modo
1192 3271 1220 3328 si
1243 3271 1319 3347 quis

177 3387 232 3446 pro
261 3371 289 3429 si
318 3370 395 3447 quis
423 3369 525 3428 modo
547 3368 632 3428 simili
656 3387 823 3446 quanquam
846 3387 908 3428 non
932 3369 1038 3428 eodem
1061 3387 1116 3428 usu
1140 3369 1238 3445 posuit
1258 3385 1318 3445 quo

178 3466 303 3528 Ouidius
317 3468 404 3526 Trist
419 3467 458 3526 11.
476 3469 533 3543 263

379 3617 541 3693 Persequar
554 3617 683 3694 rirserrirs,
697 3617 772 3675 modo
785 3619 815 3674 ri
823 3617 886 3676 licet
895 3617 991 3674 ordine
991 3616 1086 3694 serri,

421 3716 508 3774 Posse
521 3734 612 3774 nocere
625 3717 726 3774 amitto
739 3717 873 3774 camum
886 3734 961 3773 omne
968 3735 1067 3793 genus,

177 3898 207 3948 et
231 3896 300 3966 post
321 3887 460 3948 Ouidium
484 3889 575 3960 multi,
596 3889 664 3949 iuris
687 3890 810 3950 consulti
833 3891 972 3969 inprimis,
994 3892 1018 3950 si
1040 3891 1112 3950 fides
1132 3901 1176 3950 est
1196 3887 1318 3949 Handio

176 3987 332 4047 Tursellin.
352 3986 408 4046 111.
427 3989 495 4062 633,
519 3987 668 4066 Papinian.
688 3988 756 4065 Dig.
774 3992 820 4048 26.
838 4008 863 4060 a,
881 3992 918 4048 28
946 3988 1006 4061 Qui
1028 3991 1139 4048 tudelam
1166 3995 1328 4084 ratumena

177 4087 335 4145 mandatam
353 4089 539 4146 excusationis
556 4089 618 4146 iure
634 4089 768 4163 mopere
785 4089 880 4160 noluit,
896 4089 932 4146 ab
949 4089 994 4146 lul
1012 4107 1113 4164 quoque
1129 4089 1227 4165 Quiri
1244 4108 1319 4147 sum·

176 4185 324 4244 mouendus
337 4189 389 4244 erit
399 4205 467 4261 qum
472 4185 549 4261 filei's
561 4187 619 4244 criu
633 4185 727 4244 relicta
741 4193 808 4244 sunt
819 4187 893 4244 modo
906 4189 936 4244 si
945 4187 1035 4262 legata
1041 4186 1108 4263 filet·
1116 4205 1170 4244 non
1183 4187 1320 4263 afficiunt

171 4286 299 4360 proprtb,
313 4285 363 4344 sed
372 4287 403 4344 in
416 4285 543 4343 honorem
552 4285 646 4360 palmi
659 4291 824 4342 meruerunt.
854 4283 898 4343 Cl.
913 4284 950 4344 id.
966 4285 1034 4361 Dig.
1048 4304 1094 4362 39.
1111 4303 1135 4358 r,
1152 4289 1186 4344 18
1201 4285 1317 4364 leian.

537 4494 543 4523 ¹
562 4496 651 4544 Banius
663 4496 721 4556 apud
733 4494 887 4548 Bischollium‚
901 4509 923 4555 p.
936 4493 959 4542 8.
