3146 5046
584 418 945 480 PROLEGOMENA.
1296 420 1343 478 xlv

185 600 283 678 pelagi
297 610 399 658 uastos
413 598 602 675 protenderet
616 609 696 658 estus
778 619 945 676 percurrere
959 600 988 658 in
1003 601 1098 660 undas
1182 601 1339 660 abductam

186 699 299 776 perfide
393 698 464 755 mihi
478 715 539 756 non
554 696 612 757 boc
626 699 763 756 miseram
860 697 920 771 Qui
935 701 1006 758 dum
1021 699 1129 775 aliquid
1226 702 1341 775 pgestat

186 799 226 856 ab
241 799 291 874 ipa
386 807 475 872 exput
488 795 576 854 undis
673 795 741 869 Que
756 797 830 856 sirus
932 802 1051 874 duasta
1154 797 1340 874 Purpureane

187 898 300 954 utinam
314 913 371 954 nec
385 905 517 971 tempore
532 894 626 972 primo
724 895 855 972 secropie
869 896 1012 971 quesisset
1026 897 1146 955 sedibus
1242 895 1341 954 Idme·

186 1013 302 1052 neosne
386 993 524 1052 consolor
616 994 711 1052 uentis
725 994 882 1052 incuruans
975 994 1055 1053 nullo
1069 995 1154 1055 lictus
1246 995 1341 1071 qualis

187 1093 284 1152 solam
378 1091 524 1150 funestent
619 1090 718 1164 Quem
732 1093 823 1152 modo
838 1103 907 1152 tune
1004 1093 1151 1169 Sospitem
1165 1104 1195 1153 et
1209 1105 1340 1170 ereptum

187 1208 281 1267 quom
304 1189 435 1248 crederet
457 1207 527 1264 eger
643 1190 814 1266 complexus
932 1190 1043 1250 feruida
1066 1197 1112 1274 γι)
1229 1192 1341 1252 nudum

188 1291 302 1350 sociata
403 1290 529 1348 obscura
543 1290 620 1350 dicet
724 1290 842 1349 flamina
856 1293 951 1350 nubes
1054 1292 1217 1352 contollens
1232 1291 1342 1350 lumina

188 1390 258 1462 Que
280 1401 380 1448 tamen
401 1399 555 1465 aspectans
576 1390 722 1449 accedens
742 1403 835 1450 mesta
973 1401 1057 1466 tyaso
1189 1389 1342 1463 Quantum

188 1489 341 1564 serpeibus
437 1487 620 1563 Plangebant
634 1487 681 1546 alii
780 1489 867 1548 cereti
960 1489 1116 1548 sublimina
1130 1489 1199 1548 solis
1291 1489 1342 1548 de-

188 1587 282 1646 menti
364 1585 522 1662 leuiterque
537 1595 645 1644 sonant
731 1586 760 1645 A
774 1605 805 1645 se
820 1587 944 1663 quisque
1026 1588 1101 1664 parit
1114 1587 1202 1646 flores
1284 1587 1343 1646 Mi-

188 1685 289 1743 nosim
413 1682 577 1742 Nonacrias
699 1683 836 1760 lentaque
855 1701 956 1743 sorore
1077 1685 1216 1744 uestitum
1237 1684 1342 1745 sronde

189 1785 267 1842 uatis
371 1781 490 1840 Pallada
594 1781 624 1842 Is
640 1799 747 1858 corpus
857 1783 986 1859 undique
1000 1793 1096 1860 quest>
1196 1802 1342 1861 purpurea

189 1889 333 1941 extixerat
346 1881 419 1940 hora
508 1879 620 1939 Dextra
699 1884 825 1958 equabat
838 1900 937 1941 morsa
1029 1882 1085 1940 leni
1100 1880 1213 1940 fuerant
1294 1900 1342 1940 ca-

189 1980 288 2040 dentis
384 1997 452 2038 cum
466 1979 610 2038 clarisona
707 1979 846 2040 Carmina
857 1979 948 2056 pfidie
1043 1979 1249 2056 Epitalamium
1264 1979 1344 2039 The-

190 2079 260 2137 tidis
274 2089 303 2138 et
318 2077 397 2136 Pelei
458 2077 565 2136 ,Decus
581 2076 643 2156 (om.
659 2075 700 2155 Ο)
770 2079 859 2138 Nulla
873 2078 1074 2138 domus-lusi
1089 2097 1138 2136 om.
1205 2079 1343 2156 preuertit

190 2187 293 2235 tenem
375 2177 465 2236 teucri
548 2175 579 2233 in
593 2176 720 2234 cinerem
801 2185 955 2253 precemds
1037 2186 1204 2252 prosternes
1218 2193 1344 2252 corpora

190 2277 364 2336 madescent
508 2286 645 2352 optantes
666 2276 756 2335 animi
877 2281 943 2351 post
964 2278 1021 2351 386
1044 2275 1224 2352 Languidior
1244 2287 1344 2334 tenera

191 2375 239 2434 eui
260 2375 372 2451 pendes
394 2374 485 2432 sicula
505 2375 573 2432 beta
665 2375 831 2446 pcumbere
852 2393 953 2434 currus
1038 2375 1128 2446 unasi
1224 2385 1344 2434 seuocat

191 2485 222 2532 et
315 2473 416 2532 dulces
439 2491 589 2532 musarum
680 2471 768 2532 Mens
792 2472 945 2532 hominum
1035 2482 1085 2532 tua
1109 2473 1199 2531 uerba
1223 2473 1344 2550 loquen-

191 2583 254 2630 tem
337 2581 457 2630 atcerte
539 2571 635 2648 legam
728 2571 848 2631 Daulias
939 2589 1063 2647 gemens
1082 2569 1196 2648 prothei
1278 2571 1343 2630 Nec

192 2669 275 2729 Hinc
289 2681 389 2729 manat
403 2681 471 2730 nate
585 2681 757 2746 opscuretur
872 2670 975 2732 ceteris
990 2671 1094 2745 sydera
1210 2670 1343 2728 sublimia

192 2787 265 2828 saxa
278 2769 395 2845 ilegans
498 2768 561 2845 giro
576 2769 698 2828 deuoret
804 2769 902 2828 celesti
917 2786 1038 2827 munere
1146 2767 1245 2826 Ebore
1260 2769 1343 2826 niseo

192 2868 319 2926 Vastum
334 2868 387 2926 iter
400 2867 438 2928 ad
528 2869 631 2928 luerint
721 2869 849 2927 luisente
931 2867 970 2925 Et
983 2877 1015 2925 tu
1029 2885 1090 2925 non
1177 2865 1236 2925 Sed
1250 2866 1343 2926 fratris

193 2985 273 3026 nunc
288 2977 350 3024 toto
432 2977 520 3042 atque
534 2985 591 3042 ego
605 2977 683 3026 certe
764 2974 896 3044 &parua
977 2965 1197 3042 magnanimam
1262 2966 1343 3042 quod

193 3083 256 3124 non
277 3065 377 3124 lortior
397 3075 447 3124 aut
468 3065 505 3124 sit
525 3067 578 3125 alis
688 3065 719 3124 Si
740 3065 864 3124 reditum
886 3064 1038 3123 audissetis
1059 3075 1108 3122 aut
1221 3083 1343 3140 pmpere

193 3181 322 3240 cumque
343 3164 477 3222 iuuentus
559 3182 594 3223 ac
609 3163 676 3223 ferri
691 3164 824 3240 frangere
906 3164 1023 3222 asinoes
1037 3161 1161 3222 claridos
1178 3163 1237 3221 ales
1252 3181 1345 3240 equos

193 3263 395 3340 famulumque
498 3261 605 3322 Gracia
619 3263 767 3339 canopicis
872 3261 911 3320 Ni
926 3261 966 3320 dii
980 3263 1019 3320 ibi
1033 3262 1114 3320 uario
1128 3279 1166 3320 ne
1181 3262 1275 3320 solum
1290 3262 1344 3320 sub

193 3363 284 3421 limite
299 3363 354 3422 celi
439 3359 604 3420 Viridulum
619 3361 740 3421 afluctu
833 3361 944 3437 templa
958 3359 1045 3420 diane
1127 3360 1202 3419 iusta
1223 3359 1346 3419 licaonia

194 3459 261 3520 Lux
276 3473 327 3520 aut
340 3481 413 3522 cane
427 3461 508 3522 thetii
522 3461 642 3520 restituo
723 3459 814 3518 affore
828 3477 944 3536 semper
958 3458 1070 3517 Absore
1140 3469 1242 3535 optato
1256 3477 1345 3536 quem

194 3559 289 3618 iunxit
403 3561 561 3619 unanimos
677 3557 791 3617 detecta
903 3557 983 3616 lilius
996 3558 1073 3616 mala
1088 3557 1166 3616 dona
1180 3557 1251 3616 leuis
1265 3558 1346 3616 bibat

194 3655 276 3716 lestis
292 3656 459 3717 numinibus
551 3655 655 3715 uestris
669 3673 730 3714 non
745 3673 809 3713 esse
824 3661 875 3714 tut'r
889 3673 936 3712 me
1029 3655 1146 3731 ydrunti
1236 3653 1345 3730 fulgere

194 3771 362 3814 oromenon
503 3755 549 3815 cui
571 3753 680 3814 eredita
700 3771 778 3811 nunc
800 3770 866 3810 sum
1006 3751 1118 3810 Verum
1139 3750 1223 3810 huius
1244 3752 1345 3828 populi

195 3853 283 3912 ianua
297 3854 421 3933 qrelicit
514 3851 669 3931 Nusquam
684 3869 716 3911 se
811 3861 878 3910 nate
892 3850 1018 3910 uiolasse
1112 3860 1191 3908 tecto
1206 3849 1347 3926 flagrabat

196 3950 235 4009 Et
249 3953 414 4027 querendus
429 3973 445 4011 z
459 3951 538 4011 unde
651 3968 772 4008 narrans
885 3955 1007 4007 mixerat
1122 3948 1234 4007 domini
1248 3949 1347 4009 lumen

196 4050 302 4108 abesse
384 4049 437 4108 sed
451 4049 506 4108 hec
587 4049 685 4110 audiui
767 4048 860 4107 solam
874 4047 1002 4107 consiliis
1079 4047 1166 4106 mittis
1181 4047 1346 4125 epistolium

197 4144 382 4222 Naufragum
463 4147 585 4223 ingnota
599 4147 755 4205 incomoda
769 4145 839 4204 mali
920 4157 1003 4223 turpe
1018 4144 1135 4204 Catullo
1212 4144 1347 4221 tepasecit

198 4245 235 4306 Id
248 4247 318 4305 mali
407 4246 502 4324 magis
516 4247 655 4308 miserum
669 4257 713 4304 est
802 4245 899 4304 mulits
990 4245 1052 4305 noli
1143 4244 1213 4304 satis
1227 4245 1347 4322 ingenio

197 4337 328 4440 {lollius
428 4373 506 4423 certa
520 4362 654 4440 loquatur
668 4380 742 4421 anus
837 4362 984 4423 Omnibus
999 4362 1086 4439 inque
1101 4362 1173 4420 locis
1187 4361 1348 4421 celebretur

198 4459 278 4519 lama
299 4463 403 4538 sepulti
555 4461 773 4538 Nocteseatque
919 4460 1031 4520 oetbeis
1052 4461 1158 4520 maulia
1179 4459 1347 4538 termopylis
