3074 5066
485 401 714 464 CARMINVM
743 403 932 464 chvLLt
1223 407 1282 463 259

136 599 205 657 333
225 601 283 658 333
305 585 492 661 transposes,
511 603 582 644 mox
606 589 674 662 365
695 589 771 661 3⁶⁶;
793 597 856 646 tum
876 601 995 646 uersum
1016 595 1084 664 post
1105 599 1174 661 333
1195 585 1285 646 auum

132 689 201 754 post
218 695 274 756 373
292 692 391 741 333333
405 683 557 754 excidisse,
571 683 699 761 denique
716 701 834 744 uersum
855 685 1055 743 intercalarem
1076 685 1133 758 378
1154 683 1284 760 spurium

132 777 232 837 habet
274 780 312 839 Et
333 780 475 839 excidisse
496 781 615 857 quidem
637 780 744 857 aliquid
765 793 814 840 aut
835 792 902 840 3333
923 796 981 856 355
1001 790 1051 840 aut
1071 790 1139 856 post
1158 799 1226 840 eum
1247 799 1284 840 ex

131 874 199 950 ipso
220 894 307 935 uersu
328 887 449 954 apparet
470 875 656 953 Troricgemem
677 877 777 955 absisto
790 883 968 952 prosternens
987 885 1103 951 corporo
1111 875 1221 952 serra·
1243 875 1285 934 sic

133 973 215 1030 enim
231 974 263 1031 in
278 974 397 1050 optimis
414 975 564 1033 codicibus
581 975 693 1049 legitur,
708 991 769 1032 non
784 979 947 1048 prosternet.
990 973 1049 1032 Sed
1064 972 1133 1031 nihil
1147 971 1202 1032 3313
1216 982 1285 1049 post

134 1085 192 1143 373
210 1070 352 1130 accidisse
367 1071 471 1144 credo;
493 1089 548 1130 nec
561 1072 649 1130 uideo
664 1089 714 1129 cur
728 1071 905 1129 intercalaris
919 1089 1021 1129 uersus
1037 1073 1095 1145 378
1113 1089 1167 1147 pro
1185 1073 1284 1148 spurio

132 1168 289 1229 habendus
304 1171 348 1242 sit,
363 1173 532 1248 praesertim
546 1189 615 1230 cum
634 1171 664 1228 in
681 1170 818 1229 omnibus
837 1170 989 1229 codicibus
1009 1169 1063 1228 uisi
1080 1187 1141 1228 uno
1155 1170 1285 1230 31333333

133 1283 171 1324 ex
192 1267 374 1344 interpolatis
394 1269 514 1344 legatur.
557 1267 638 1326 Tum
655 1267 735 1343 quod
753 1267 822 1326 dicit
841 1268 976 1343 strophas
997 1286 1034 1326 ex
1053 1270 1199 1344 quaternis
1220 1287 1285 1328 uer-

133 1365 217 1424 sibus
240 1377 375 1425 constare
400 1367 505 1443 quibus
534 1365 724 1440 subiungatur
747 1365 933 1436 intercalaris,
956 1365 1011 1424 nisi
1033 1365 1115 1441 quod
1139 1367 1185 1425 bis
1209 1365 1286 1451 ordo

132 1463 267 1522 turbatus
282 1464 317 1522 sit
324 1483 333 1535 ;
355 1463 591 1540 transponendos
606 1463 685 1522 enim
698 1479 764 1522 3333
779 1481 848 1538 333,
865 1466 923 1539 365
939 1464 997 1522 1333
1011 1463 1103 1523 modo

177 1581 309 1662 (Stropb
322 1589 351 1652 β.
364 1582 394 1661 4)
408 1603 463 1659 331
487 1583 735 1660 languidulosque
743 1591 827 1659 paret
838 1591 922 1641 tecum
935 1587 1099 1660 contangere
1111 1605 1217 1645 somnos

350 1679 394 1760 (5)
408 1700 466 1756 333
489 1679 619 1758 (Currite
631 1683 754 1740 ducortes
767 1681 945 1756 subtegmina,
959 1679 1153 1761 curritesusr‘)

176 1776 309 1858 (Stroph.
323 1802 349 1853 γ.
365 1776 392 1855 3)
406 1797 463 1854 333
485 1777 577 1836 Lemo
591 1779 764 1837 substernam
778 1778 886 1836 robwto
900 1777 1015 1836 brocheis
1029 1779 1096 1837 collo

176 1872 308 1954 (Stroph.
329 1901 346 1934 ι.
362 1874 393 1955 4)
406 1878 465 1950 366
486 1875 566 1935 Nom
579 1877 697 1934 simulac
698 1877 786 1956 susis
800 1877 904 1933 dederit
903 1877 977 1954 sors
990 1879 1093 1952 coptam
1105 1865 1228 1936 Achaicis

351 1973 395 2055 (5)
408 1977 466 2050 365
491 1973 620 2055 (Currite
634 1976 755 2034 ducentes
767 1975 946 2051 subtegmina,
961 1973 1155 2054 currr'tesust)

176 2069 308 2151 (Stroph.
328 2067 350 2130 r.
370 2069 398 2150 3)
412 2074 469 2147 367
500 2071 582 2131 Vrbis
595 2071 766 2131 Dordam'cu
778 2071 921 2148 Nepam
935 2073 1040 2130 soluere
1052 2073 1146 2130 urirclo

135 2221 307 2280 quanquam
322 2202 472 2263 Theocriti
486 2204 551 2264 Eid.
565 2204 606 2263 11.
628 2215 657 2265 et
679 2204 784 2264 Catulli
805 2205 884 2264 LXI.
906 2202 1100 2285 (353)-(354)
1122 2206 1213 2276 affert,
1233 2207 1286 2266 ubi

135 2301 312 2359 sententiam
331 2302 436 2377 pariter
450 2301 633 2377 interrumpit
646 2304 811 2376 {aldirnam
833 2301 926 2361 fateor
940 2314 1039 2362 tamen
1058 2304 1088 2361 id
1102 2303 1173 2362 mihi
1187 2304 1286 2363 durius

134 2397 238 2468 uideri,
254 2415 342 2474 quam
357 2399 432 2456 3313
446 2408 507 2457 tam
521 2398 643 2474 limpido
657 2399 784 2458 carmine
800 2398 930 2458 Canrllus
945 2400 1101 2460 admiserit

176 2493 302 2572 Propius
316 2497 354 2556 ad
367 2514 470 2555 uerum
484 2498 608 2556 accessit
621 2495 791 2568 Pleitnerus,
805 2496 863 2558 hoc
878 2498 1036 2557 constituto
1050 2497 1153 2556 ordine

384 2614 524 2686 5÷4÷⁶
628 2625 748 2686 555555
853 2614 994 2686 6÷4÷5

135 2724 283 2785 1333113313
309 2726 389 2783 euim
416 2725 546 2784 medium
574 2725 672 2784 locum
699 2735 798 2784 tenere
826 2726 960 2785 iteratum
988 2725 1105 2801 saepius
1132 2741 1286 2784 numerum

136 2823 311 2899 quinarium,
326 2823 375 2900 qui
390 2832 487 2881 autem
501 2823 635 2898 utrinque
650 2832 736 2894 stent,
750 2823 825 2881 inter
839 2841 871 2882 33
885 2823 1062 2898 respondere
1080 2827 1143 2879 κατὰ
1161 2823 1286 2895 quoodo.

137 2919 200 2978 Sed
226 2929 326 2978 tamen
352 2921 456 2979 errauit
484 2915 525 2999 (a)
551 2920 633 2997 quod
660 2930 718 2980 tres
745 2921 856 2996 primae
884 2919 1024 2996 strophae
1052 2920 1093 2980 sic
1121 2938 1153 2978 se
1178 2920 1288 2979 habent

137 3021 289 3094 5†6÷4‚
311 3036 373 3077 non
396 3021 554 3092 5÷4†6;
586 3015 628 3097 (lt)
654 3019 735 3095 quod
760 3019 832 3078 dum
859 3036 911 3076 sex
939 3017 1074 3094 strophas
1104 3018 1135 3076 in
1160 3017 1287 3077 Mesodo

136 3109 230 3192 ponit,
255 3134 372 3174 uersum
396 3115 510 3192 supplet
534 3115 565 3174 in
591 3117 730 3191 363-365
754 3115 804 3173 ubi
828 3115 899 3173 nihil
923 3115 1119 3191 supplendum
1144 3112 1288 3193 3333313)

135 3214 220 3292 quod
236 3214 342 3273 omittit
358 3217 426 3288 378.

179 3312 258 3372 Scite
271 3310 424 3383 Frankius,
437 3329 534 3389 neque
548 3313 573 3371 is
587 3323 687 3372 tamen
701 3321 779 3371 recte
793 3329 861 3371 meo
876 3311 993 3371 iudicio.
1036 3309 1119 3370 Facit
1133 3311 1212 3369 enim

227 3431 276 3513 (Α)
297 3434 437 3494 Proodou
501 3450 651 3511 333-337.
693 3434 850 3494 Parcarum
865 3435 904 3495 ad
918 3434 1005 3495 Pelea
1019 3433 1230 3510 praefationem

229 3528 275 3610 (a)
299 3552 314 3591 3
338 3531 472 3610 strophas
501 3535 651 3608 338-337.
694 3531 873 3591 Felicitatem
887 3530 965 3590 Pelei
981 3541 1011 3590 et
1024 3531 1159 3591 Thetidis

230 3631 275 3711 (3)
299 3646 315 3706 7
338 3631 472 3708 strophas
501 3635 651 3708 338-373.
693 3631 740 3690 De
754 3630 868 3690 Achille
882 3631 1122 3690 uaticinatiouem

230 3727 278 3809 (Δ)
302 3727 650 3809 3(31)3333313.373-383.
692 3729 871 3788 Felicitatem
884 3727 962 3788 Pelei
976 3740 1007 3788 et
1022 3729 1163 3788 Thetidis.

138 3862 187 3922 Sic
215 3863 395 3939 respondent
421 3863 495 3920 inter
519 3880 551 3920 se
575 3871 672 3938 partes
698 3862 788 3920 altera
811 3871 841 3920 et
865 3871 984 3938 quarta;
1007 3860 1086 3919 idem
1110 3861 1141 3917 in
1164 3869 1288 3934 utraque

136 3969 352 4036 argumentum,
372 3959 472 4019 similis
492 3959 610 4030 locutio,
631 3958 667 4019 31.
687 3965 778 4034 optato
796 3962 854 4034 328
875 3965 978 4034 optatos
998 3970 1066 4032 373,
1087 3957 1213 4013 conricnx
1228 3973 1286 4030 329

136 4059 264 4116 conricnx
284 4073 352 4132 373,
380 4059 476 4114 menlz's
496 4075 615 4116 3333333
638 4075 698 4131 333
725 4057 817 4114 aurosi
834 4074 940 4113 amores
963 4067 1031 4129 372,
1058 4053 1208 4110 conricnxr't
1228 4067 1287 4127 335

135 4155 292 4228 conriorgite
320 4166 388 4226 373,
423 4152 566 4210 concordio
596 4156 654 4226 336
687 4171 734 4210 nec
761 4152 897 4210 dricordzi
926 4165 1003 4226 379;
1039 4148 1148 4209 similes
1177 4150 1290 4208 numeri

137 4254 176 4324 64
193 4273 227 4303 =
241 4252 291 4322 46.
334 4249 393 4308 Sed
410 4249 557 4310 mesodon
575 4250 681 4308 mirum
695 4259 838 4327 quantum
856 4257 969 4307 mutare
990 4248 1104 4324 cogitur
1122 4256 1154 4306 ut
1174 4246 1291 4321 σχήματι

137 4366 192 4408 suo
206 4345 421 4408 accommodet.
462 4345 541 4406 Nam
556 4346 674 4406 codices
688 4346 741 4405 1333
756 4343 891 4421 strophas
905 4344 1044 4405 exhibent
1060 4341 1229 4423 (338-373)

548 4457 763 4537 scordalo
807 4460 865 4530 4⁶

681 4563 764 4628 313
