3074 5066
496 337 724 402 CARMINVM
749 335 939 397 CATVLLI.
1234 335 1294 398 26³

185 529 336 592 Moeodon
357 531 485 604 (46-75)
506 526 682 587 antecedunt
703 524 840 600 strophae
862 539 981 592 nouem,
1004 537 1080 596 quae
1101 537 1199 579 rursus
1220 520 1296 579 scin·

144 630 253 690 duntm
280 628 338 687 hoc
366 627 466 697 modo,
495 624 535 704 (ιι)
568 637 645 696 2-25
671 621 824 681 Inuocatio
853 619 1028 696 Hymenaei,
1059 614 1102 694 (β)
1128 617 1295 694 Descriptio

144 736 265 802 nuptae,
287 722 343 803 (κί’)
364 725 465 782 Altera
485 721 633 780 inuocatio
655 719 829 795 Hymenaei,
851 715 893 795 (γ)
915 716 1073 775 Adlocutio
1094 715 1132 774 ad
1150 714 1296 791 Virgines.

146 822 271 899 Numeri
285 831 351 880 sunt
368 840 445 896 3222
460 819 508 879 uel
522 819 620 895 potius
636 836 693 892 322
704 827 729 882 †
739 835 765 874 2.
795 815 876 873 Bene
891 815 970 873 enim
984 815 1122 872 obseruat
1136 812 1297 872 Pleitnerus

151 935 254 994 15-20
274 919 405 994 Namque
428 917 516 975 [222222
537 915 642 974 Mallio
666 919 759 973 eal.
784 931 852 972 etun
880 930 1016 970 summan
1043 912 1179 970 carminis
1206 912 1237 969 in
1265 929 1297 972 se

146 1019 275 1077 habeant
288 1015 424 1075 consulto
437 1017 468 1073 in
481 1013 580 1072 medio
594 1012 754 1071 collocatos
768 1029 834 1070 esse
848 1027 866 1068 a
880 1009 1003 1069 Catullo.
1042 1009 1198 1068 Habemus
1212 1010 1299 1084 igitur

148 1115 338 1174 Prooemium
363 1112 497 1189 strophas
522 1129 630 1170 nouem
655 1111 770 1182 (1-45),
796 1107 902 1168 deinde
930 1126 982 1166 sex
1007 1107 1164 1167 Mesodon.
1216 1107 1299 1180 Quot
1352 1155 1358 1168 .

148 1213 300 1273 Mesodon
315 1223 433 1271 secutae
447 1211 512 1282 sint,
523 1227 585 1268 non
599 1209 691 1266 iama
704 1207 855 1266 codicibus
870 1216 998 1282 apparet.
1041 1205 1084 1264 Hi
1098 1207 1176 1265 enim
1190 1205 1299 1264 habent

148 1329 253 1372 uersus
268 1325 316 1386 37.
359 1309 477 1368 Horum
491 1308 541 1384 qui
556 1325 607 1366 sex
621 1307 651 1364 in
668 1306 810 1382 principio
825 1313 902 1363 stant

479 1405 617 1466 Claustra
626 1404 741 1478 pondrle
754 1405 861 1460 22222222.

485 1501 569 1577 Virgo
583 1501 666 1558 adest.
715 1499 800 1556 Viden
814 1499 932 1576 utsaces

478 1598 643 1675 Splendidas
657 1599 786 1673 9222222221
797 1600 911 1655 comas?

482 1694 513 1752 T
506 1696 588 1753 ardet
600 1697 735 1771 ingenuus
744 1695 844 1768 pudor.

482 1792 566 1864 Quem
581 1799 669 1850 lamen
684 1793 775 1866 magis
788 1791 903 1848 2222122222

479 1891 513 1950 F
509 1894 546 1950 let
556 1892 630 1968 quod
640 1895 683 1948 t're
696 1910 797 1949 necesse
810 1896 855 1960 est,

152 2007 285 2087 plerique
305 2015 374 2084 post
395 2005 620 2066 Lachmannum
640 2005 683 2064 sic
704 2013 897 2080 transponunt
918 2014 950 2062 ut
970 2004 1087 2080 quintus
1111 2003 1194 2076 Quem
1215 2011 1304 2064 tamen

154 2110 247 2183 maga}
262 2105 377 2163 medem
395 2115 531 2180 sequatur
547 2106 631 2177 (106)
648 2113 788 2179 tanquam
808 2103 921 2161 initium
942 2101 1079 2178 strophae
1102 2103 1183 2162 cuius
1204 2104 1305 2162 tertius

154 2221 258 2263 uersus
278 2202 314 2261 sit
338 2200 365 2259 0
383 2201 470 2260 cubile
490 2201 564 2277 quod
581 2200 711 2258 omnibus.
762 2199 869 2258 Melius
889 2218 937 2258 me
959 2199 1047 2258 credo
1062 2199 1178 2259 Catullo
1198 2218 1306 2259 consu·

155 2302 244 2360 luisse
266 2301 317 2376 qui
341 2299 366 2358 0
387 2299 473 2357 cubt'le
495 2300 607 2357 initium
632 2317 702 2357 suae
726 2298 832 2356 iaciam
855 2298 1008 2374 strophae3
1038 2299 1112 2357 inter
1139 2297 1305 2374 Splendtdas

156 2401 290 2475 2222222221
315 2416 405 2455 conas
429 2407 458 2455 et
485 2395 590 2455 Tarde!
616 2398 751 2472 ahgenum
773 2396 867 2472 pinder
890 2406 1015 2472 quatuor
1037 2415 1140 2455 uersus
1164 2397 1306 2456 excidisse

159 2492 321 2556 censeam¹.
365 2495 412 2554 Sic
432 2494 582 2554 Mesodon
602 2505 633 2552 nt
653 2511 762 2552 nouem
781 2493 960 2570 praecedunt
977 2494 1122 2570 strophae,
1138 2496 1179 2553 sic
1198 2511 1307 2552 nouem

159 2603 305 2652 secttntur.
357 2591 415 2651 Sed
437 2610 543 2651 manco
569 2591 670 2651 codice
694 2601 794 2650 extant
818 2592 936 2650 nonnisi
957 2609 1008 2650 sex
1029 2593 1158 2668 integrae
1180 2602 1209 2650 et
1230 2591 1308 2668 frag·

159 2699 260 2749 menta
273 2689 367 2748 trium.
409 2690 536 2749 Attende
550 2707 623 2748 uero
639 2689 865 2748 concinnitatem
885 2691 1054 2765 partitionis.
1097 2689 1134 2748 ln
1155 2690 1309 2766 prooemio

162 2790 209 2861 (Α)
234 2804 373 2845 numeros
397 2785 452 2845 hos
474 2788 600 2846 uidimus
626 2805 722 2860 3222;
745 2785 793 2844 hic
813 2785 869 2845 hos
893 2805 970 2860 2232
989 2811 1022 2838 =
1041 2797 1096 2856 Ba,
1118 2787 1157 2856 εἶ’,
1171 2791 1200 2858 β,
1213 2805 1250 2859 γ;
1272 2803 1308 2845 ex

161 2886 268 2962 quibus
289 2894 327 2940 lta
347 2883 514 2942 terminatur
534 2885 631 2943 uerbis
649 2882 715 2940 Flet
733 2883 806 2959 quod
823 2885 868 2940 ire
887 2901 988 2940 necesse
1006 2889 1052 2950 est,
1067 2885 1096 2939 α”
1111 2885 1213 2960 incipit
1225 2883 1311 2942 Flere

161 2983 258 3053 deniae,
273 2981 415 3040 clauditur
431 2983 603 3055 ἐπιφθίγματι
616 2980 743 3039 Prodeas
756 2999 829 3039 noua
842 2988 937 3056 nupia,
951 2986 972 3047 β
985 2982 1084 3058 incipit
1097 2981 1225 3041 prodeas
1238 3001 1310 3042 noua

160 3087 248 3155 nupta
261 3081 296 3149 si,
311 3078 451 3138 clauditur
464 3078 590 3138 Prodeas
603 3098 675 3136 noua
689 3085 783 3154 nupta,
797 3103 816 3153 γ
829 3078 913 3136 simili
927 3078 1018 3137 modo
1033 3078 1174 3138 clauditur
1183 3080 1311 3140 Prodeaa

161 3197 235 3236 noua
250 3183 345 3252 mepta.

204 3275 290 3333 Haec
312 3274 336 3332 si
355 3291 426 3336 uera
448 3283 515 3332 sunt
539 3273 570 3332 in
595 3273 690 3350 priore
714 3273 835 3332 dimidio
860 3273 1004 3344 carminis,
1029 3274 1097 3334 dico
1121 3272 1311 3352 uui-(113)

163 3381 397 3431 consentaneum
425 3381 470 3430 est
498 3372 623 3430 similem
650 3381 823 3430 structuram
850 3371 881 3429 in
909 3373 1069 3448 posteriore
1096 3371 1221 3448 reperiri.
1273 3371 1312 3432 Et

163 3471 266 3529 tertiae
287 3469 405 3545 quidem
426 3469 501 3545 parti
522 3470 625 3545 prioris
649 3469 733 3527 tertia
756 3470 912 3544 respondet
934 3470 1119 3546 posterioris;
1149 3489 1219 3529 nam
1243 3489 1261 3528 a
1284 3490 1312 3530 u.

166 3569 252 3642 (283)
268 3566 298 3626 in
313 3584 373 3642 quo
387 3564 422 3624 Io
436 3565 546 3639 Ηγπιιη
559 3561 715 3641 Hymenme
728 3577 908 3642 postremum
928 3567 1031 3642 legitur
1051 3585 1144 3644 usque
1165 3569 1203 3627 ad
1223 3567 1313 3626 finem

164 3681 275 3724 nouem
311 3674 378 3722 sunt
409 3664 555 3741 strophae,
587 3682 662 3740 quae
694 3665 735 3724 sic
763 3664 971 3724 distribuuntur
1000 3683 1075 3740 3222
1104 3675 1142 3722 oa
1166 3667 1202 3736 Η,
1223 3666 1266 3737 β’,
1286 3690 1312 3740 γ.

165 3762 291 3822 Restant
308 3781 344 3833 14
359 3763 505 3838 strophae,
521 3781 644 3838 quarum
659 3781 768 3821 nouem
783 3764 894 3838 priores
915 3763 945 3820 in
964 3764 1065 3823 itinere
1085 3773 1228 3823 canuntur
1242 3762 1313 3822 dum

165 3869 288 3936 nuptam
310 3877 328 3916 a
348 3860 439 3918 domo
461 3862 549 3936 patris
570 3861 607 3919 ad
628 3861 723 3919 mariti
744 3860 865 3920 domum
887 3861 1051 3933 deducunt;
1076 3861 1132 3920 hae
1153 3871 1251 3920 autem
1273 3861 1314 3920 sic

167 3958 377 4018 distribuuntur
406 3977 484 4032 2223
510 3969 546 4014 ra
567 3964 595 4029 β,
616 3960 659 4028 β’,
680 3983 706 4033 γ.
759 3958 796 4016 In
820 3983 837 4015 a
860 3959 996 4018 iubentur
1022 3960 1104 4036 pueri
1131 3957 1315 4018 Fascennina

168 4056 334 4125 concinere,
355 4059 384 4122 β,
404 4055 447 4126 θ’,
467 4079 486 4128 γ
506 4055 690 4116 Fascennina
711 4067 786 4127 sunt,
808 4057 838 4116 in
858 4061 879 4122 β
899 4057 937 4115 ad
958 4057 1154 4116 concubinum
1178 4056 1260 4131 pueri
1283 4073 1315 4116 se

202 4207 211 4237 ¹
228 4210 297 4258 cene
308 4211 367 4256 bene
378 4210 502 4259 cohaerent
519 4213 578 4260 inter
589 4227 612 4260 ee
624 4213 674 4276 (79)
689 4211 776 4260 Tarde!
791 4213 903 4276 ingenuus
916 4212 993 4275 pudor
1004 4211 1055 4273 (80)
1070 4209 1142 4273 Qum
1153 4219 1228 4258 tamen
1240 4212 1316 4276 magia

168 4292 272 4339 auum.
304 4291 421 4339 Sententia
439 4294 489 4340 talis
506 4296 598 4342 uidetur
615 4311 670 4343 esse.
707 4295 794 4358 ‘Virgo
814 4295 892 4348 adesit
916 4295 962 4342 iam
980 4295 1042 4340 iaces
1061 4291 1137 4338 uideo.
1171 4293 1218 4341 Cur
1238 4301 1316 4342 tamen

170 4372 291 4421 moratur?
324 4373 410 4422 Audiat
425 4384 540 4430 uocantes.
552 4391 594 4424 nec
606 4378 672 4424 cedat
685 4377 773 4438 pudori.
807 4375 836 4422 Et
852 4385 929 4422 tamen
941 4375 1059 4435 pudorem,
1071 4387 1118 4419 non
1130 4387 1171 4420 noe
1183 4375 1260 4422 audit:
1278 4375 1317 4422 ilet

170 4455 231 4514 quod
242 4454 343 4501 eundum
354 4456 403 4502 est?
