3118 5054
230 392 276 452 tvi
619 393 983 456 PROLEGOMENA.

230 575 338 645 aenam,
353 573 515 635 Guilelmus
526 575 738 653 Pastrengicus,
753 575 896 648 Petrarca,
911 577 965 636 alii
1008 573 1073 635 Nec
1087 575 1242 652 quisquam
1262 573 1372 634 dubitet

231 676 372 754 exemplis
390 694 458 736 eum
476 694 547 736 mox
567 677 747 753 diuulgatum
767 677 871 736 fuisse:
892 677 1001 736 tardius
1019 685 1117 736 umen
1135 677 1165 736 id
1181 675 1290 736 lactum
1303 675 1371 734 hinc

230 783 360 851 apparet,
375 775 456 851 quod
470 775 557 834 etiam
571 775 782 853 quinquaginta
800 787 868 853 post
884 777 968 834 aurtis
982 775 1149 852 exemplum
1163 773 1268 834 Catulli
1283 772 1372 832 Colu-

231 871 278 932 cio
301 872 464 932 Florentiae
486 875 593 950 agenti,
616 874 678 932 uiro
704 875 779 932 inter
802 875 912 951 primos
933 875 1053 944 literato,
1076 881 1192 950 praesto
1217 890 1278 932 non
1301 880 1372 942 erat,

231 981 294 1030 tum
307 971 388 1048 quod
404 972 434 1030 in
448 970 630 1044 Philobiblio,
645 991 733 1049 quem
753 973 858 1032 librum
877 973 914 1032 de
931 971 1080 1032 codicibus
1102 971 1214 1048 scripsit
1228 969 1373 1030 Ricardus

231 1070 379 1130 Buriensis
385 1069 404 1142 ¹,
419 1071 499 1131 nulla
515 1071 576 1130 eius
593 1071 670 1130 facta
689 1083 734 1130 est
753 1073 873 1132 mentIo.
916 1071 975 1131 Sed
988 1090 1049 1131 uon
1063 1071 1203 1131 assentior
1217 1069 1372 1129 Schwabio

230 1169 416 1229 existumanti
437 1170 589 1228 inuentum
608 1170 741 1230 codicem
760 1171 909 1230 nemiuem
927 1171 1141 1246 transcripsisse
1160 1180 1226 1228 ante
1240 1185 1308 1226 eum
1321 1167 1372 1243 qui

231 1283 311 1327 anno
343 1279 420 1342 1375
450 1267 702 1344 Sangermanense
735 1269 901 1345 exemplum
929 1269 1066 1338 exarauit
1122 1267 1199 1326 Dicit
1226 1267 1272 1326 hic
1300 1283 1372 1324 sane

230 1365 337 1424 mellum
358 1366 440 1424 alried
457 1373 557 1425 extare
577 1367 719 1442 exeruplar
742 1367 812 1425 unde
825 1375 917 1442 posse!
935 1367 1022 1426 lilelli
1039 1367 1138 1426 habere
1158 1369 1260 1441 copiam
1279 1383 1372 1423 exeru-

224 1465 345 1540 plaadr',·
366 1465 445 1524 unde
459 1483 527 1524 uere
542 1465 683 1542 colligitur
697 1466 792 1542 ipsum
806 1465 886 1524 illum
900 1465 1033 1526 codicem
1046 1465 1268 1542 amiseripsisse,
1283 1481 1373 1540 quem

230 1564 443 1640 qulnquaginta
457 1575 523 1624 ante
540 1565 624 1623 annis
638 1564 818 1624 Veronensis
835 1565 1002 1624 inuenIsset.
1045 1563 1104 1623 Sed
1123 1581 1185 1622 nou
1206 1563 1274 1622 dicit
1294 1562 1372 1620 unici

230 1661 306 1720 illius
333 1663 458 1738 exempli
485 1663 661 1740 exemplarIa
689 1682 706 1722 a
733 1662 813 1723 nullo
841 1663 898 1722 alio
921 1661 998 1722 iacta
1019 1682 1093 1734 esse,
1117 1661 1268 1739 quomodo
1292 1662 1372 1720 enirn

231 1761 337 1822 sciret?
386 1761 497 1821 Ventm
524 1763 673 1822 enimuero
701 1762 846 1823 Catullum
873 1764 1063 1822 transcribere
1089 1763 1252 1832 meditatus
1279 1778 1372 1820 unum

231 1859 365 1920 codicem
386 1860 458 1920 uidit
479 1869 576 1920 extare
597 1861 757 1938 antiquum,
777 1871 806 1920 et
826 1881 894 1922 eum
915 1872 1098 1938 corruptum;
1120 1879 1180 1938 quo
1201 1871 1300 1920 tamen
1320 1860 1371 1920 de-

230 1959 321 2018 creuit
335 1961 469 2036 quamuis
483 1969 620 2038 corrupto
634 1961 684 2033 uti,
699 1961 793 2020 donec
808 1971 968 2036 emergeret
981 1961 1084 2037 ailquis
1098 1960 1243 2019 sincerior.

272 2057 377 2118 Incidit
397 2058 444 2118 hic
464 2060 605 2136 quaestio,
625 2071 693 2138 post
711 2061 862 2118 iuuentum
881 2059 961 2118 illum
979 2059 1099 2118 unicum
1117 2059 1250 2118 codicem
1267 2075 1372 2116 omnes

230 2156 268 2214 ab
287 2175 324 2216 eo
344 2157 507 2233 transcripti
527 2155 641 2228 luerint,
661 2177 699 2216 aa
720 2159 811 2216 serius
831 2158 861 2216 in
881 2157 977 2216 lucem
997 2157 1068 2216 alter
1089 2157 1233 2234 prodierit,
1254 2174 1291 2215 ex
1311 2172 1372 2232 quo

231 2253 341 2330 aliquot
358 2253 409 2313 sed
426 2256 564 2330 pauciora
578 2255 712 2332 exempla
726 2257 856 2316 deriuata
875 2255 940 2316 sint
982 2253 1117 2328 Codices,
1131 2266 1163 2315 ut
1177 2255 1243 2326 diui,
1258 2265 1372 2332 praeter

231 2348 424 2411 Thuanaeum
446 2353 477 2412 in
501 2353 560 2412 duo
583 2370 692 2428 genera
714 2353 896 2426 diuidunttu;
918 2353 1038 2413 alterurn
1060 2352 1089 2412 G
1107 2363 1136 2412 et
1154 2354 1215 2412 eius
1237 2353 1371 2413 similium

231 2465 306 2525 quae
330 2449 457 2508 maxima
479 2451 563 2508 turba
585 2459 636 2521 est,
659 2450 780 2510 alterum
800 2450 829 2508 D
850 2459 879 2510 et
900 2451 961 2511 eius
982 2451 1116 2510 similium
1138 2451 1322 2512 Riccardiani
1343 2459 1372 2508 et

230 2547 323 2605 nostri
348 2548 456 2607 codicis
480 2567 507 2606 α.
559 2546 662 2625 Itaque
691 2548 852 2608 uidendum
879 2548 951 2609 baec
975 2550 1035 2609 duo
1062 2567 1171 2626 genera
1197 2567 1236 2608 an
1263 2549 1372 2625 aliquid

230 2642 359 2702 habeant
378 2653 438 2703 tam
458 2645 613 2716 diuersum,
628 2655 660 2704 ut
679 2646 716 2704 ab
734 2663 795 2705 uno
812 2646 893 2705 sonte
910 2645 1082 2723 produxisse
1095 2656 1229 2722 nequeat
1272 2645 1372 2704 Habet

230 2741 359 2818 igitur-D
373 2742 446 2802 baec
461 2744 505 2802 sui
520 2745 652 2822 propria:

276 2860 300 2899 r.
321 2840 436 2901 Omittit
451 2843 591 2901 XXXIX.
608 2862 635 2915 4,
652 2859 670 2918 5
684 2841 803 2903 Reurdel
814 2843 994 2916 ille-mour,
1008 2843 1104 2904 XLII.
1119 2862 1152 2902 ra
1167 2842 1262 2902 Redde
1272 2843 1370 2919 palade

230 2941 338 2998 moecho
359 2941 501 3011 codicillos,
530 2941 626 3001 LXII.
643 2955 690 3016 54,
706 2956 744 3017 55
763 2943 807 3001 At
827 2945 858 3002 se'
865 2944 947 3022 forle
966 2943 1056 3002 eodm
1076 2950 1116 3001 erl
1137 2944 1209 3001 ulmo
1229 2945 1370 3000 coniurata

231 3037 333 3095 murelo
359 3035 454 3096 Mulli
477 3039 555 3097 ellam
573 3042 722 3116 ⁴agricolae
754 3041 839 3099 mulli
868 3043 1003 3100 accoluere
1036 3043 1146 3100 siluerece'
1174 3039 1280 3116 LXIV.
1313 3040 1369 3113 258

230 3135 312 3194 Pars
335 3156 389 3194 sese
411 3139 491 3195 lorlr's
512 3139 678 3213 serpentibus
702 3141 874 3216 caremban!
894 3139 987 3220 (abest
1008 3142 1094 3200 etiarn
1116 3159 1134 3199 a
1154 3136 1370 3216 Riccardiauo),

231 3231 337 3291 LXIV.
355 3236 422 3309 362,
440 3253 457 3309 3
471 3234 596 3311 Denique
613 3239 686 3295 lesui
699 3241 756 3296 eri!
766 3241 853 3296 morli
864 3257 964 3314 quoque
977 3240 1083 3297 reddda
1094 3239 1201 3314 proedo
1218 3237 1289 3298 Curre
1302 3245 1372 3296 lerer

265 3499 271 3528 ¹
289 3499 365 3547 Norat
376 3501 405 3547 Α.
414 3499 522 3554 Gellium,
535 3500 597 3547 cuius
608 3499 726 3548 historiam
738 3501 766 3546 de
778 3501 861 3563 Sibylla
872 3501 903 3562 (1.
913 3501 955 3564 19)
967 3502 1075 3562 excerpit,
1088 3501 1126 3548 sed
1138 3501 1204 3548 ualde
1215 3499 1371 3554 immutatum,

231 3581 347 3644 'praeterea
367 3583 423 3629 citat
443 3581 482 3629 vt.
497 3593 527 3629 ro
539 3583 572 3644 (p.
587 3579 859 3644 246)V1.16(p.233)
877 3583 1001 3646 Prologum
1020 3585 1053 3644 (p.
1070 3581 1143 3644 246):
1166 3591 1233 3631 norat
1252 3583 1371 3637 Ouidium,

231 3665 352 3712 Horatium
369 3665 432 3712 cuius
449 3664 511 3711 Artis
528 3665 634 3712 Poeticae
657 3665 742 3726 profert
759 3681 798 3712 uu.
811 3677 866 3727 343,
880 3677 926 3728 353
945 3669 979 3726 (p.
996 3665 1062 3728 257),
1083 3665 1213 3714 Martialem
1233 3666 1296 3712 cuius
1314 3666 1372 3713 citat

230 3747 295 3810 apag.
308 3747 326 3794 1.
336 3759 382 3810 39;
400 3746 515 3792 veretrum
528 3746 666 3806 numum,
679 3748 951 3795 assentatorum
963 3729 1372 3810 rv.3‚v111.7‚se'neeerputuus

230 3830 265 3890 (p.
279 3825 346 3891 264).
362 3829 454 3876 Suetoni
467 3829 531 3876 Vitas
542 3829 666 3878 Caesarum
679 3832 713 3893 (p.
726 3827 792 3894 269),
804 3831 985 3878 Grammaticam
996 3831 1087 3878 Phocae
1099 3833 1132 3892 (p.
1146 3830 1213 3892 245),
1224 3831 1371 3886 Prisciauum,

231 3909 349 3958 Donatum
362 3913 395 3974 (p.
410 3911 476 3974 ²4l)·
488 3913 649 3960 cassiodorum
665 3914 693 3960 de
707 3913 851 3960 Institutione
869 3913 995 3961 diuinamm
1013 3915 1128 3961 literarum
1140 3915 1173 3976 (p.
1189 3914 1256 3976 257),
1271 3915 1371 3962 Platonis

231 3993 378 4040 Phaedonem
396 3993 477 4040 Latiae
493 4009 622 4054 expressum
635 3996 668 4057 (p.
681 3993 746 4056 261).
780 3997 899 4044 Praeterea
916 4005 1082 4044 commemorat
1099 3997 1150 4052 hos,
1166 3997 1277 4043 incertum
1295 4013 1324 4044 an
1342 4001 1372 4045 ab

231 4075 281 4138 ipso
293 4077 364 4124 lectos
375 4091 405 4124 aa
416 4078 439 4123 in
450 4077 537 4138 scriptis
548 4079 630 4126 citatos
642 4080 739 4126 aliorum
751 4094 772 4140 p.
784 4089 827 4140 251
842 4076 1019 4142 ‘Quidseeisset
1033 4079 1146 4142 Virgdius
1158 4077 1295 4128 Laliuoncm
1303 4089 1372 4142 poeta

231 4166 239 4186 ⁸
247 4161 385 4220 prwrpuus
396 4160 416 4206 si
429 4159 571 4207 Ileocritum
583 4161 716 4209 Laeererium
727 4171 748 4209 et
759 4163 886 4209 Homerum
903 4162 995 4208 minitere
1006 4162 1123 4222 spoliasset
1137 4173 1159 4210 et
1169 4163 1192 4209 iu
1203 4177 1282 4210 eorum
1296 4165 1371 4210 uirida

231 4247 238 4268 ⁸
250 4256 296 4288 aaa
306 4244 421 4289 errasset?
455 4242 520 4306 Quid
529 4245 573 4290 uisi
582 4245 734 4292 Parthenium
742 4241 917 4307 Pindaeumque
928 4245 992 4291 euius
1003 4245 1152 4306 eloquentiam
1164 4261 1208 4291 soa
1221 4247 1288 4293 modo
1295 4247 1372 4307 patuit

232 4331 239 4352 ⁴
251 4325 340 4372 imitari
349 4325 493 4388 aliquatenus
502 4325 637 4374 latitasset?
671 4327 736 4392 Quid
745 4327 869 4374 Sallustius
880 4326 970 4373 Tullius
979 4326 1088 4374 Boethius
1096 4327 1228 4374 Macrobius
1239 4330 1372 4376 Lactantius

231 4415 237 4436 ⁸
250 4407 384 4454 Martianus
395 4409 441 4454 imo
452 4417 499 4454 tota
510 4409 589 4455 cohors
600 4411 739 4472 generaliter
750 4408 886 4458 Ιιατὺιονωη
902 4411 921 4456 si
932 4409 1076 4457 Albeumum
1090 4411 1165 4457 studia
1181 4411 1217 4458 uel
1229 4413 1370 4458 Graecorum

232 4499 238 4516 ⁸
251 4489 370 4537 reoluasiua
381 4505 426 4537 uon
438 4489 573 4539 uidisseatl'
