3032 5056
232 395 296 459 104
696 391 918 457 CATVLLI

362 578 447 644 Cum
472 599 527 664 par
549 582 721 644 conubium
745 591 870 645 maturo
891 589 1035 664 tempore
1057 581 1174 665 adepta
1196 591 1258 664 est,

362 693 447 759 Cara
468 695 541 756 uiro
563 696 665 776 magis
688 705 721 758 et
744 696 851 758 minus
873 704 921 758 est
946 695 1051 757 inuisa
1073 697 1210 779 parenti.

244 879 285 958 β”
319 877 360 942 Et
381 887 418 943 tu
441 900 481 943 ne
502 899 608 965 pugna
630 900 702 944 cum
724 882 783 946 tali
807 884 943 966 coniuge
965 883 1068 967 uirgo,

363 989 443 1054 Non
466 1011 598 1075 aequom
620 1002 670 1056 est
693 1012 844 1078 pugnare,
866 1003 957 1079 pater
979 995 1030 1056 cui
1053 993 1190 1057 tradidit
1213 994 1294 1078 ipse,
1326 996 1382 1078 (to)

362 1103 436 1190 Ipse
457 1113 549 1190 pater
570 1126 645 1171 cum
666 1116 781 1191 matre,
801 1109 914 1190 quibus
937 1127 1046 1192 parere
1069 1126 1201 1170 necesse
1223 1116 1283 1170 est.
1339 1137 1369 1186 70

320 1388 497 1474 Virginitas
520 1410 585 1454 non
609 1401 680 1454 tota
702 1401 758 1454 tua
780 1407 840 1475 est,
862 1411 901 1455 ex
925 1401 1013 1476 parte
1037 1400 1204 1476 parentum
1227 1401 1289 1476 est,

362 1502 479 1566 Tertia
500 1522 572 1587 pars
592 1505 718 1588 patriai,
740 1522 811 1588 pars
833 1511 880 1567 ast
901 1503 978 1567 data
999 1504 1096 1566 tertia
1118 1504 1227 1587 matri,

361 1613 478 1678 Tertia
499 1615 569 1678 sola
589 1623 646 1678 tua
666 1624 736 1678 est:
766 1614 833 1676 noli
856 1634 995 1698 pugnare
1016 1613 1149 1698 duobus,

360 1727 427 1814 Qi
448 1746 566 1811 genero
587 1747 643 1790 sua
665 1729 735 1789 iura
755 1729 852 1790 simul
873 1745 947 1790 cum
968 1726 1043 1791 dote
1066 1726 1231 1792 dederunt.
1279 1752 1308 1804 75
1325 1731 1379 1810 (65)

318 1891 449 1978 Hymen
471 1911 492 1955 o
513 1891 715 1979 Hymenaee,
738 1891 870 1978 Hymen
891 1891 968 1956 ades
990 1911 1011 1955 o
1032 1892 1241 1978 Hymenaee!

268 2223 301 2273 66
333 2238 363 2286 57
383 2260 391 2275 .
425 2219 573 2274 conubium
586 2217 661 2273 B‘ffl
730 2220 886 2287 coniugium
899 2221 925 2274 h.

268 2296 300 2357 ⁶7
332 2297 364 2358 58
383 2331 389 2346 .
427 2293 498 2339 (lin-n
511 2291 628 2345 cacto
641 2290 779 2344 Pleitnmu
846 2291 917 2344 Cara
928 2301 985 2344 cett.
1050 2291 1112 2344 uiro
1124 2291 1240 2345 DGO‘Td
1308 2291 1384 2354 suren

231 2373 289 2417 cett.
377 2362 435 2416 uisa
447 2364 481 2416 H.
517 2364 654 2415 Pasthunc
667 2381 693 2414 u.
703 2362 823 2414 excidisse
834 2381 858 2415 u.
870 2361 1049 2415 intercalarem
1063 2361 1174 2430 Hymen
1187 2377 1204 2414 0
1219 2361 1384 2432 Hymenaee

232 2435 307 2488 κ.τ.λ.
314 2444 443 2504 putarunt
454 2435 615 2486 Hemnams
627 2435 752 2502 mustus
764 2432 932 2486 Fraehlichius
942 2433 1082 2486 Pleitnesw
1092 2433 1238 2486 Leutschius
1248 2435 1385 2488 Richtersss

231 2504 382 2558 Schwabtus
396 2506 531 2558 Frankius.

268 2579 301 2627 68
315 2574 389 2644 (59).
427 2577 495 2629 Ante
506 2577 571 2628 hunc
583 2593 682 2628 uersum
694 2593 770 2627 unum
782 2574 902 2627 excidisse
912 2583 992 2627 censet
1003 2573 1143 2627 Pleitnerus
1243 2570 1275 2620 iit
1290 2579 1320 2621 1¹¹
1337 2591 1387 2623 nee

234 2643 566 2700 ABCGLLa¹La²OVabd
576 2647 651 2699 Cone.
663 2646 693 2698 de
707 2645 775 2697 Allia
883 2645 965 2699 Astu
977 2660 1028 2698 nec
1041 2643 1072 2696 b²
1181 2643 1217 2697 Et
1229 2651 1278 2698 tua
1289 2662 1346 2700 nec
1359 2651 1387 2701 ‘L

232 2716 280 2769 Tu
292 2732 347 2769 non
360 2732 412 2770 nec
425 2719 454 2770 D
560 2717 596 2768 Et
608 2723 639 2769 tu
651 2731 686 2768 ne
700 2717 797 2768 Vossius
810 2714 920 2786 Silligius
1022 2717 1060 2769 At
1071 2721 1102 2768 tu
1114 2731 1149 2768 ne
1163 2715 1224 2768 Ald.
1237 2718 1259 2768 1.
1272 2716 1351 2786 uulga
1363 2730 1386 2772 et

233 2789 340 2840 Lachm
423 2803 476 2840 con
488 2786 527 2840 hl.
562 2788 611 2840 Hic
623 2806 699 2840 unum
712 2805 812 2839 uersum
824 2787 999 2853 Rossbachius,
1008 2797 1068 2856 past
1081 2791 1096 2838 6
1099 2804 1113 2851 5
1127 2787 1253 2856 Hauptius
1264 2798 1290 2839 et
1301 2789 1386 2842 Pleis-

232 2876 306 2912 nerus
324 2868 421 2911 cennens
437 2859 565 2924 excidisse,
583 2869 619 2924 ut,
636 2858 843 2926 quemadmodum
861 2857 1021 2911 amathaeum
1040 2876 1142 2911 carmen
1158 2856 1277 2927 (ao-58)
1293 2879 1386 2914 nouem

232 2947 319 2981 uersus
342 2931 457 2982 iuuenum
498 2929 668 2995 succedebant,
690 2927 808 2998 (ιι-ις)
828 2929 911 2980 eodem
935 2930 1006 2982 mado
1029 2947 1116 2981 nauem
1136 2939 1280 2996 sequantur.
1325 2933 1386 3001 Ego

227 3010 287 3069 past
299 3018 323 3052 u.
336 3003 368 3052 61
377 3002 462 3069 patius
476 2941 597 3054 isauriam
613 3001 731 3065 indicaui,
743 3017 817 3067 quum
834 3001 860 3052 in
875 2999 914 3060 his
926 2999 1037 3054 uersibus
1049 2999 1113 3052 illud
1124 2999 1237 3052 Catullus
1247 3001 1388 3070 infestasse

233 3071 351 3124 uideatur
366 3081 395 3124 ut
411 3091 443 3123 ex
461 3070 586 3124 uocabulis
604 3073 710 3140 quaein
728 3089 802 3123 uersu
816 3089 907 3138 qssaqm
923 3081 990 3137 sunt,
1007 3089 1084 3124 ussum
1102 3071 1203 3138 aliquod
1218 3072 1244 3123 in
1260 3076 1387 3141 proxima

234 3151 361 3210 repeteret.
401 3142 441 3194 Sic
462 3157 552 3210 pugna
572 3157 692 3209 pugnare
712 3141 771 3211 (59,
790 3140 848 3209 60),
870 3147 949 3208 pater
969 3149 1048 3210 pater
1067 3140 1126 3210 (60,
1140 3139 1197 3209 ⁶1),
1219 3147 1297 3208 pane
1318 3158 1387 3211 pars

234 3211 294 3280 (⁶2,
307 3214 323 3264 ⁶
327 3211 357 3280 3)
369 3213 451 3266 tertia
462 3213 544 3266 tertia
557 3212 616 3281 (63,
629 3211 688 3281 64).
724 3211 806 3264 Simili
821 3213 892 3264 moda
907 3213 977 3281 apud
991 3214 1145 3264 Theocritum
1160 3215 1187 3264 in
1202 3211 1303 3264 Helenes
1316 3216 1387 3285 Epi·

234 3282 358 3336 thalamia
370 3303 455 3337 uersus
468 3300 554 3348 49-53
568 3283 662 3352 singuli
674 3301 750 3335 unum
762 3282 864 3351 aliquod
873 3282 1019 3338 uocabulum
1031 3283 1069 3335 bis
1075 3285 1187 3352 positum
1199 3282 1300 3337 habent.

270 3357 304 3420 69
318 3353 392 3425 (6ο).
428 3369 529 3422 equom
542 3356 567 3406 Τ
660 3368 731 3417 equa
744 3351 950 3408 CDGLa¹OVh²
1045 3369 1134 3422 aequo
1146 3356 1171 3406 B
1182 3403 1197 3419 „
1260 3370 1387 3423 aequum

235 3425 340 3479 ALahd
409 3425 478 3493 patri
491 3423 541 3548 6νὶ,
591 3423 757 3477 contradidit
768 3423 800 3476 h²
869 3439 935 3494 qum
949 3423 1027 3494 (cum
1039 3423 1173 3493 Phillipp.)
1185 3423 1268 3477 tdidit
1280 3425 1313 3479 O.

286 3514 303 3548 ο
331 3499 363 3548 61
384 3535 390 3550 .
425 3502 499 3548 tacta
542 3533 549 3548 .

269 3511 301 3630 {a
332 3571 364 3619 ⁶2
384 3605 391 3620 .
424 3585 475 3634 am.
488 3568 513 3618 T
577 3566 727 3634 experteG
797 3571 840 3618 est
845 3575 906 3635 poss
916 3572 1060 3634 parentum
1072 3585 1121 3619 ans.
1134 3565 1218 3619 Dabc.

269 3655 301 3704 73
332 3641 391 3704 ⁶3·
427 3636 525 3690 Tertia
536 3636 619 3704 patris
630 3652 692 3704 pars
704 3636 914 3690 estdatatertia
926 3638 1007 3691 matri
1019 3641 1044 3690 T
1122 3637 1387 3706 Terciaparspatri

232 3715 274 3762 est
290 3709 353 3762 data
369 3709 454 3762 tercia
471 3708 550 3761 matri
566 3709 589 3761 0
719 3707 813 3755 'I'estia
829 3721 888 3771 pass
902 3707 967 3770 patri
983 3707 1044 3757 <iata
1058 3722 1117 3772 ynss
1131 3708 1191 3756 ‹lntn
1207 3709 1285 3756 tentia
1301 3712 1386 3759 matri

234 3777 545 3833 ABCDGLLa¹La²OV
555 3780 630 3832 Canr.
642 3778 672 3832 de
685 3777 754 3830 Allia
765 3780 946 3831 Lachmannus
1066 3779 1150 3833 tentia
1161 3795 1223 3848 pars
1234 3780 1304 3848 patn'
1318 3781 1389 3836 data

233 3857 275 3903 est
288 3867 349 3919 pars
361 3851 425 3904 data
436 3851 519 3903 testia
531 3849 610 3902 matri
623 3850 641 3900 h
763 3848 862 3902 Tertia
878 3865 940 3917 pars
955 3851 1051 3916 patsist
1063 3850 1162 3920 (patris
1174 3857 1216 3903 est
1228 3851 1350 3905 Mantus
1362 3864 1389 3906 es

234 3924 332 3974 Vossius
345 3922 414 3989 patri
428 3921 595 3974 Fraehliehius
605 3917 754 3989 staupum),
766 3936 828 3988 pars
840 3927 882 3973 est
894 3920 957 3974 data
968 3922 1050 3974 tentia
1062 3922 1142 3974 matri
1155 3922 1270 3974 Muretus
1282 3924 1389 3977 Vassius

233 3993 329 4062 Haupt.
349 3993 445 4045 Fraehl.
464 3992 558 4062 Bergk.
575 3990 664 4044 Rassd.
682 3990 804 4044 Schwab.
821 3991 856 4058 cs.
873 3992 959 4046 Mart.
977 3995 1052 4046 XIV.
1068 4008 1154 4057 ¹74·²
1176 3993 1243 4046 Pars
1262 3999 1305 4046 est
1328 4011 1389 4048 una

233 4063 330 4130 patris:
349 4069 443 4116 cetera
454 4063 548 4116 mattis
560 4062 651 4116 habet.

270 4148 303 4198 74
317 4131 391 4203 (⁶4)·
427 4132 526 4186 Tenia
538 4134 594 4186 sola
607 4130 697 4202 (uf)
708 4138 740 4184 tu
751 4138 794 4185 est
805 4132 861 4185 noli
873 4132 997 4199 tuignare
1010 4132 1115 4186 duobus
1127 4137 1153 4186 T
1261 4134 1320 4187 sola
1334 4156 1388 4191 am.

231 4205 314 4274 spatia
325 4203 410 4256 relicto
422 4203 453 4256 h²
509 4273 522 4313 ²
534 4210 577 4258 est
589 4223 637 4258 am.
649 4202 698 4257 uh²
780 4205 862 4256 tua'st
874 4204 1033 4258 Schwabius.

269 4289 301 4339 75
332 4279 364 4339 ⁶5
384 4314 390 4328 .
426 4291 478 4328 con
491 4277 529 4330 h.

269 4349 302 4410 7⁶
332 4273 390 4416 ⁶⁶3·
425 4344 541 4399 krmeno
554 4346 684 4414 innenee
697 4344 860 4399 kamenades
872 4359 907 4398 ὀ·
920 4346 1067 4400 kameneae
1080 4349 1105 4399 t
1170 4363 1189 4400 o
1201 4347 1324 4418 hymene
1337 4351 1374 4405 G.
