3118 5054
430 1395 1075 1491 PROLEGOMENA„

162 1830 380 1925 CATVLLI
403 1863 557 1934 Codicum,
579 1863 769 1940 quiquidem
791 1881 868 1921 nunc
891 1871 1012 1932 exstent,
1035 1863 1176 1947 triagsunt
1198 1879 1308 1938 genera

160 1959 207 2041 (ι)
222 1963 400 2022 Thuanaeus
413 1961 482 2041 (T),
498 1963 615 2021 saeculo
629 1963 674 2020 IX
689 1962 735 2020 uel
751 1962 779 2019 X
793 1963 926 2037 scriptus,
938 1947 997 2037 qui
1003 1961 1032 2018 in
1046 1961 1188 2036 florilegio
1203 1945 1307 2019 carmi·

159 2081 232 2120 num
250 2062 420 2122 Latinorum
439 2061 527 2120 habet
546 2080 571 2120 c.
587 2061 673 2120 LXII
695 2059 816 2128 Catulli;
840 2057 884 2138 (a)
900 2059 1032 2118 Datanus
1049 2057 1116 2138 (D),
1132 2078 1212 2118 anno
1230 2062 1306 2132 1463

159 2162 293 2237 scriptus,
316 2178 383 2219 cum
409 2160 550 2218 similibus
576 2161 620 2218 sui
645 2159 849 2228 Riccardiano,
872 2168 900 2216 et
923 2159 980 2217 hoc
1003 2176 1092 2234 quem
1114 2159 1176 2234 ipse
1199 2159 1232 2224 in
1253 2157 1308 2216 hac

159 2260 287 2318 editione
305 2258 431 2328 exhibui,
446 2277 481 2327 a;
509 2256 553 2334 (3)
569 2257 779 2317 Germanensis
795 2255 860 2335 (G),
881 2256 1004 2332 scriptus
1023 2275 1102 2316 anno
1121 2269 1175 2331 137
1181 2272 1208 2330 5,
1226 2257 1308 2315 cuius

159 2359 190 2415 in
224 2358 393 2416 uniuersum
429 2357 538 2414 similes
573 2366 641 2415 sunt
675 2357 763 2414 ceteri
798 2356 869 2413 boni
905 2355 1031 2426 codices,
1060 2355 1245 2414 Lachmanni
1269 2354 1307 2426 L,

160 2456 374 2514 Ambrosianus
392 2457 439 2528 38,
462 2453 670 2523 Bononiensis,
693 2452 888 2524 Colbertinus,
911 2453 1155 2530 Hamburgensis,
1178 2451 1308 2512 Canoni-

160 2556 271 2624 cianus,
288 2553 447 2612 Vaticanus
463 2551 628 2632 (ABCHO
635 2549 686 2630 V).
729 2552 847 2610 Horum
869 2570 1008 2627 generum
1031 2553 1090 2610 duo
1110 2552 1272 2628 posteriora
1291 2569 1309 2610 a

161 2652 312 2712 communi
340 2651 420 2711 sonte
449 2651 573 2709 deriuari
601 2651 739 2710 omnibus
764 2659 898 2708 constat:
928 2650 1124 2710 Thuanaeum
1148 2668 1186 2708 ne
1211 2649 1307 2724 ipsum

161 2752 280 2826 quidem
305 2750 418 2828 origine
443 2750 590 2808 diuersum
616 2767 689 2819 esse,
715 2767 751 2807 err
776 2768 801 2807 c.
822 2749 909 2808 LXII
934 2750 1158 2808 demonstratur.
1211 2747 1308 2808 Huius

161 2851 241 2908 enirn
266 2849 402 2907 carminis
430 2858 498 2924 post
522 2867 550 2906 u.
572 2867 609 2922 32
635 2848 740 2906 eadem
768 2848 798 2905 in
824 2845 855 2904 T
876 2848 1045 2906 exciderunt
1073 2867 1149 2924 quae
1176 2848 1206 2906 in
1234 2846 1307 2906 DG.

163 2947 277 3007 Deinde
292 2957 494 3023 corruptorum
508 2947 641 3006 locorum
656 2948 685 3004 in
695 2945 794 3005 DGT
803 2947 904 3006 similis
915 2965 1094 3022 quamquam
1108 2964 1170 3005 non
1185 2947 1308 3004 omnino

163 3047 265 3106 eadent
280 3055 324 3105 est
338 3047 420 3116 rati0,
433 3065 491 3122 eg.
503 3065 531 3104 u.
545 3060 560 3120 7
577 3046 676 3103 rinbres
690 3043 723 3117 T,
738 3046 822 3103 sinder
832 3044 904 3114 DG,
920 3047 995 3122 times
1006 3043 1144 3115 Catullus,
1156 3063 1184 3103 u.
1198 3060 1235 3118 45
1251 3053 1308 3102 tum

163 3165 229 3203 cara
243 3143 344 3215 DGT,
359 3145 422 3202 dum
437 3163 506 3202 cara
520 3144 735 3216 Quinctilianus
750 3144 803 3203 IX.
821 3164 847 3218 3.
863 3146 916 3216 163
938 3163 965 3202 u.
979 3147 1017 3218 58
1035 3143 1116 3204 Cura
1130 3145 1193 3200 uero
1207 3141 1309 3216 DGT,

164 3263 231 3301 cara
245 3246 310 3302 ur'ro
323 3243 462 3302 Catullus.
505 3241 668 3314 Postremo,
688 3242 766 3301 idem
785 3253 846 3302 erat
864 3261 1002 3302 uersuum
1021 3261 1159 3301 numerus
1181 3243 1210 3300 in
1232 3253 1309 3300 utra·

165 3361 219 3418 que
233 3344 342 3420 pagina
356 3343 466 3402 codicis
480 3342 542 3402 eius
556 3343 634 3402 unde
653 3341 684 3400 T
692 3342 796 3401 ductus
811 3354 862 3414 est,
878 3353 907 3401 et
924 3343 985 3402 eius
1000 3343 1078 3401 unde
1092 3341 1165 3402 DG.
1208 3343 1310 3401 Multis

166 3442 241 3499 enim
255 3442 369 3502 indiciis
380 3441 498 3500 codices
509 3440 574 3500 DG
585 3441 759 3517 colliguntur
774 3461 809 3500 ex
824 3442 939 3517 paginis
953 3441 1000 3499 uel
1014 3441 1158 3500 columnis
1173 3441 1310 3518 descripti

166 3539 252 3600 luisse
263 3558 400 3598 uersuum
415 3549 464 3598 aut
479 3543 514 3597 16
526 3551 576 3598 aut
591 3541 625 3597 16
639 3549 667 3599 et
679 3553 713 3613 17
730 3540 948 3610 alternantium3
964 3540 1045 3614 quod
1056 3539 1134 3598 idem
1145 3539 1222 3598 cadit
1233 3541 1262 3596 in
1276 3538 1309 3598 T.

166 3639 341 3698 Exciderunt
361 3639 439 3696 enim
461 3639 491 3696 in
514 3636 545 3695 T
560 3637 655 3696 LXII.
675 3657 723 3712 30,
743 3641 790 3710 62,
813 3639 842 3696 in
863 3637 927 3695 DG
948 3637 1043 3695 LXll.
1063 3656 1098 3709 14
1121 3635 1183 3696 Nec
1206 3639 1309 3696 nzr'rum

161 3739 266 3812 penitus
285 3743 430 3812 querciola
455 3743 539 3794 mente
562 3737 696 3796 laborant.
738 3737 887 3796 Excidunt
907 3747 1004 3795 autem
1026 3755 1127 3795 uersus
1148 3737 1259 3796 facilius
1280 3738 1309 3795 in

167 3853 278 3894 summa
292 3836 340 3894 uel
354 3836 413 3893 ima
427 3837 544 3912 pagina.
588 3835 618 3894 Si
633 3837 719 3912 igitur
733 3855 849 3896 summa
862 3837 909 3895 uel
924 3838 984 3894 ima
997 3836 1107 3913 pagina
1121 3836 1232 3896 codicis
1247 3837 1310 3895 eius

167 3935 241 3992 unde
266 3932 366 3993 DGT
381 3934 460 3993 ducti
485 3945 553 3994 sunt
576 3935 700 4011 scriptus
723 3945 767 3994 est
789 3954 817 3995 u.
836 3953 882 4007 14,
905 3953 1020 3994 summa
1044 3935 1091 3993 uel
1119 3936 1178 3993 ima
1203 3936 1311 4011 pagina

167 4033 260 4109 scripti
288 4045 354 4092 sunt
378 4034 466 4092 etiam
491 4053 538 4092 uu.
564 4052 611 4107 30,
636 4037 683 4094 62.
734 4035 782 4092 Ab
805 4034 911 4093 eodem
936 4034 1021 4110 igitur
1044 4035 1116 4093 libro
1139 4035 1218 4093 ducti
1244 4046 1311 4094 sunt

168 4149 267 4191 omnes
281 4131 383 4190 DGT.
426 4131 496 4192 Non
511 4143 610 4191 tamen
625 4135 663 4192 ab
678 4151 738 4192 uno
752 4151 857 4194 omnes
871 4134 1024 4210 descripti;
1044 4133 1096 4192 sed
1113 4133 1145 4192 T
1152 4144 1184 4191 ut
1198 4134 1311 4192 uidetur

168 4233 201 4288 ab
222 4232 296 4307 ipso,
315 4228 380 4289 DG
399 4230 595 4290 intercedente
618 4233 720 4290 saltem
743 4250 803 4290 uno
826 4232 971 4308 exemplo,
993 4231 1114 4291 sortasse
1136 4233 1224 4291 etiam
1247 4232 1311 4309 plu-

168 4329 250 4388 ribus.
303 4329 373 4388 Hoc
401 4349 437 4388 ex
466 4331 631 4390 diuersitate
659 4331 801 4406 colligitur
828 4331 1009 4402 lectionum;
1044 4351 1072 4390 u.
1095 4349 1111 4405 3
1135 4332 1252 4407 pingitis
1277 4329 1310 4400 Τ,

163 4429 275 4504 pingues
289 4427 369 4495 GD;
393 4442 408 4502 7
425 4437 481 4488 oeta
495 4449 537 4488 eos
551 4427 584 4501 T,
602 4430 651 4487 hoc
663 4449 705 4488 eos
715 4429 797 4497 DG,·
820 4433 837 4487 8
853 4437 935 4488 certes
951 4443 977 4489 ,1.
992 4429 1025 4502 Τ,
1044 4437 1112 4488 certe
1122 4428 1203 4496 DG,·
1226 4450 1244 4505 9
1253 4441 1313 4505 perr

168 4535 204 4585 est
223 4526 255 4598 T,
274 4533 379 4602 parm!
398 4525 478 4596 DG,·
509 4547 543 4585 12
565 4529 693 4604 innuptae
716 4525 748 4598 T,
774 4530 953 4604 innuptaeque
975 4527 1056 4596 DG,·
1090 4542 1123 4602 17
1144 4547 1218 4585 nunc
1238 4527 1311 4598 DG,

714 4633 759 4692 *b
