3032 5056
491 369 711 434 CARMEN
741 369 875 435 LXVII.
1199 373 1259 438 161

193 555 309 618 Flauus
331 575 428 639 quam
451 557 542 620 molli
564 561 721 642 percurrit
743 558 876 622 flumine
898 559 1015 644 Mella,

235 667 344 730 Brixia
365 668 514 732 Veronae
537 678 644 733 mater
664 681 775 735 amata
796 691 902 756 ureae,

191 781 252 846 Sed
272 782 314 845 de
336 782 505 846 Postumio
527 793 560 848 et
582 784 717 849 Corneli
740 795 850 848 narrat
871 804 993 869 amore,
1228 813 1260 862 35

234 892 320 958 Cum
342 892 458 976 quibus
481 895 538 956 illa
559 894 682 958 malum
702 893 784 958 fecit
804 893 1012 959 adulterium.

190 1005 324 1069 Dixerit
345 1007 399 1070 hic
421 1007 560 1090 aliquis:
588 1005 690 1089 quid?
719 1016 756 1069 tu
777 1005 916 1091 isthaec,
938 1009 1048 1091 ianua,
1071 1011 1184 1074 nosti?

234 1116 299 1184 Cui
323 1137 488 1202 nunquam
508 1117 634 1180 domiui
658 1117 776 1180 limine
797 1119 909 1182 abesse
932 1118 1023 1202 licet,

193 1229 267 1293 Nec
289 1231 442 1314 populum
463 1232 655 1316 auscultare,
677 1231 733 1296 sed
755 1231 810 1294 hic
830 1231 943 1296 suffixa
964 1232 1075 1316 tigillo

230 1341 382 1406 Tantum
404 1344 529 1426 operire
552 1343 636 1406 soles
658 1351 714 1405 aut
736 1345 861 1427 aperire
884 1342 1041 1410 domum?
1194 1379 1197 1384 ·
1225 1377 1260 1423 4ο

193 1451 292 1538 Saepe
317 1456 409 1518 illam
431 1454 544 1518 audiui
565 1455 685 1518 fuitiua
706 1475 785 1518 uoce
809 1456 995 1539 loquentem

233 1565 342 1630 Solam
363 1585 438 1631 cum
459 1567 591 1630 ancillis
612 1567 692 1630 haec
714 1585 772 1630 sua
793 1566 927 1651 flagitia,

192 1677 340 1740 Nomine
361 1677 528 1741 dicentem
549 1697 630 1760 quos
651 1677 803 1761 diximus,
825 1688 861 1741 ut
883 1686 958 1762 pote
980 1697 1062 1760 quae
1085 1679 1131 1742 mi

233 1791 346 1876 Speret
370 1810 430 1854 nec
453 1790 597 1874 linguam
619 1809 691 1855 esse
714 1809 776 1853 nec
796 1789 983 1855 auriculam.

116 2041 142 2088 ¹5
228 2023 407 2078 Cenomanae
419 2026 557 2094 supposta
569 2025 695 2094 speculae
708 2023 818 2080 Colociss
828 2036 854 2078 et
865 2025 936 2096 apud
944 2025 1077 2078 Perreium
1090 2023 1167 2076 Bes-n.
1179 2025 1257 2076 Pisa-

112 2114 162 2160 nos,
173 2105 233 2148 teste
244 2098 411 2150 Lachmanno
491 2097 603 2166 Cycnea
614 2097 752 2164 supposita
765 2096 792 2148 in
804 2097 913 2164 specula
926 2097 948 2149 1.
960 2096 990 2148 C.
1002 2095 1128 2148 Zanchias
1140 2095 1170 2146 de
1182 2095 1256 2164 On'g.

112 2166 254 2219 Orobiai-am
267 2166 520 2233 animatorias
534 2169 625 2236 Geogr.
639 2169 728 2235 Antip.
739 2169 776 2220 11.
787 2185 802 2232 9
876 2168 988 2235 Cycnea
998 2166 1136 2233 supposita
1148 2165 1257 2231 specula

112 2238 205 2290 Vossius
215 2238 272 2292 Sill.
353 2239 482 2307 Cycneae
494 2239 633 2306 supposita
644 2239 771 2306 speculae
785 2237 886 2307 Vsdpius
898 2239 978 2290 Doer.
990 2239 1064 2304 Heys.
1145 2236 1257 2304 Cycnea

111 2309 271 2377 suppositam
289 2310 400 2378 specula
414 2310 491 2364 Conr.
505 2310 535 2362 de
548 2309 617 2362 Allia
721 2309 849 2378 Cyaneae
866 2311 930 2362 coni.
945 2310 1101 2363 Cramtonm
1118 2309 1146 2360 in
1163 2306 1257 2362 traml.

112 2380 360 2575 Αὲἑῖρ
353 2451 373 2503 't
385 2450 516 2504 cluverius
529 2450 591 2506 Ital.
605 2451 695 2518 Ansiq.
703 2463 734 2520 p.
746 2467 798 2516 412
896 2450 1007 2504 meloo
1105 2455 1184 2504 ruello
1197 2459 1257 2503 cett.

110 2535 136 2574 m
226 2563 233 2574 .
268 2541 339 2576 arm.
355 2537 433 2587 1473.

145 2609 183 2657 34.
219 2594 281 2648 uice
305 2613 324 2647 a
466 2597 530 2646 une
554 2592 669 2661 Scaliger
691 2593 754 2645 coni.
778 2611 852 2660 neque
875 2601 961 2646 tomen
984 2593 1012 2644 in
1035 2600 1132 2644 textum
1156 2593 1256 2662 recepit.

111 2663 153 2716 Vx.
163 2681 203 2729 33,
220 2681 252 2728 34
268 2663 303 2716 ab
319 2663 498 2734 interpolatore
508 2664 635 2733 prosenos
650 2681 703 2714 esse
718 2673 798 2714 censet
811 2663 890 2732 Scipio
902 2663 952 2715 Ma
972 2665 1024 2717 eim
1039 2664 1068 2715 in
1083 2663 1154 2715 Mus.
1167 2664 1256 2718 Veron.

109 2733 175 2800 CCV,
189 2737 278 2790 Veron.
290 2733 389 2788 illustr.
402 2737 425 2788 Ι.
441 2753 464 2788 1.
507 2735 616 2787 Eosdem
636 2736 706 2788 meis
726 2732 879 2788 incluserunt
899 2735 924 2786 V
961 2735 999 2786 iss
1018 2733 1141 2803 saligno,
1159 2736 1256 2804 spurios

108 2803 197 2858 habent
208 2806 326 2860 Handius
338 2805 516 2860 Rossbachius.

142 2893 184 2942 35.
218 2877 376 2945 posthumio
389 2877 468 2930 Gohc
538 2876 672 2930 etam.H
737 2873 992 2942 amat-Gnisallor.

143 2964 238 3012 37-40.
274 2946 648 3002 Catullotn'buitSchwahius.
691 2946 740 2997 Sed
754 2944 853 2998 dixerit
868 2945 965 3014 aliquis
980 2945 1059 2999 uerba
1072 2957 1132 3000 sunt
1142 2964 1195 2998 sese
1207 2965 1256 3001 non

107 3017 184 3071 aimon
195 3018 389 3088 interpellantis.
416 3019 476 3072 Vide
487 3029 573 3072 tamen
584 3017 723 3070 Frankium
731 3019 773 3070 De
780 3016 876 3070 Catuli.
883 3017 973 3070 carm.
981 3018 1159 3088 conpositione
1165 3029 1194 3086 p.
1204 3021 1246 3072 2⁶.

142 3105 184 3154 37.
220 3089 338 3143 Dixerat
350 3089 416 3144 HVb
486 3089 602 3143 Dixito
673 3087 737 3142 hil.
809 3093 872 3170 ‹prul
888 3085 1169 3142 BCDGHLa²OVhad
1180 3089 1255 3144 Conr.

106 3159 135 3212 de
147 3159 216 3213 Allis
231 3160 287 3213 Sili.
299 3159 388 3216 Rossb.
494 3159 570 3228 quod
582 3156 675 3212 LLalc
781 3173 828 3226 qui
842 3158 904 3213 Atd.
917 3161 940 3212 I.
953 3157 1026 3229 uolgo
1037 3169 1063 3211 et
1073 3159 1255 3213 wbmannus

107 3227 171 3283 inec
185 3228 378 3284 ACDLLach
455 3231 552 3283 istera
630 3231 681 3283 iste
694 3227 824 3282 GHOLa²
893 3237 942 3282 tue
954 3229 1004 3282 ista
1016 3231 1042 3283 h.
1078 3233 1140 3283 Post
1152 3229 1256 3285 isthaec

105 3313 240 3426 sequnlprtmus·
257 3304 287 3356 in
307 3303 336 3354 A
354 3299 451 3356 suffixa
470 3301 557 3368 tigillo
580 3300 639 3355 lam
659 3307 720 3353 tum
740 3301 849 3368 operire
869 3321 925 3355 sas.
932 3303 960 3355 λ.
979 3303 1078 3356 omissis
1102 3303 1255 3370 interpositis

105 3390 159 3424 sers
216 3412 225 3426 .

139 3449 183 3509 38.
218 3441 395 3498 dominumd
462 3441 582 3498 deumo
652 3441 754 3496 lumine
766 3443 970 3512 BOVahmarg.
981 3445 1015 3496 L.

141 3531 183 3580 39.
218 3514 392 3568 adoreo
471 3513 524 3566 hec
536 3511 694 3566 BGLlalV
759 3514 812 3567 hoc
824 3511 924 3567 HLa²h
994 3513 1057 3567 huic
1071 3513 1134 3567 Ald.
1146 3515 1169 3565 1.
1181 3511 1255 3582 rodgo

104 3583 328 3709 latgpawgoabios
383 3584 428 3639 hic
441 3584 594 3638 AcDOacd
602 3585 783 3638 Lachmasm
795 3585 892 3655 tlaupn
903 3585 977 3654 Heys.
988 3585 1077 3640 Rossb.
1133 3583 1219 3638 sufixa
1231 3584 1255 3638 0

191 3676 205 3707 c
244 3674 361 3710 nunnus·

118 3745 197 3851 'soh
219 3727 353 3782 lamtum
366 3727 396 3777 A
466 3725 576 3780 lantum
588 3726 614 3778 L
681 3723 835 3780 Tantama
919 3725 1057 3796 aperiret
1126 3731 1174 3782 aut
1186 3741 1254 3796 ope·

104 3811 155 3850 rire
194 3837 203 3852 .

135 3885 181 3933 41.
216 3873 313 3923 audiuit
338 3863 573 3921 ABcHwaat
643 3863 745 3920 fortius
757 3869 794 3922 A.

136 3956 180 4004 4²·
217 3945 279 3992 sola
294 3938 376 3991 Allo
388 3957 424 3991 m.
431 3951 476 4008 pr.
488 3934 758 3992 consumamto
858 3955 922 3993 cum
934 3939 1092 3993 concilllso
1188 3953 1253 3993 cum

1127 4015 1152 4050 ul.
1163 4017 1253 4052 coneilio

103 4059 225 4113 oonessiis
236 4056 537 4112 ABGGHLLaltaWh
615 4058 737 4112 conciliis
749 4061 796 4114 Da
875 4061 1041 4114 consciliisd
1121 4081 1181 4116 curu
1196 4068 1252 4116 aliis

103 4131 159 4182 Ven.
286 4145 352 4184 cum
369 4130 472 4183 ancillis
484 4131 582 4183 Statius
705 4130 849 4185 consciolis
861 4133 996 4184 Manutius
1008 4133 1126 4186 Muretus
1138 4132 1254 4204 Scaliger

102 4200 227 4254 Caeciliis
241 4203 342 4255 Vossius
412 4199 516 4268 flagicia
526 4221 554 4256 a.

135 4289 181 4337 43.
219 4272 344 4325 Homine
356 4273 386 4324 D
455 4288 526 4340 quae
538 4273 569 4324 H
635 4272 759 4326 dissimus
772 4273 801 4325 D
871 4289 954 4343 quam
966 4275 1004 4327 mi
1016 4275 1072 4330 CH.

136 4362 180 4407 44.
218 4343 374 4411 SperemG
468 4343 706 4411 SpereniOVch
799 4353 891 4413 &perol
907 4356 966 4399 cett.
979 4347 1078 4401 Vossius
1092 4345 1252 4417 Vsipconr.

100 4413 130 4464 de
142 4413 213 4466 Atlio
227 4415 408 4467 wbnannus
488 4415 616 4483 speraret
627 4414 761 4484 Calpurffi
773 4415 811 4470 ed.
827 4421 892 4482 1481
907 4416 983 4487 wigo
1053 4434 1090 4472 ne
1102 4419 1131 4472 Η
1198 4431 1251 4470 nec

101 4484 220 4552 linguam
232 4493 326 4553 speret
336 4487 399 4540 coni.
410 4486 517 4540 Statim.

669 4596 688 4638 Y
