3074 5066
274 381 333 438 224
675 379 730 440 DE
754 379 1012 443 PARTITIONE

271 565 368 638 XXX,
397 565 502 627 Horati
522 565 556 626 C.
575 565 598 626 1.
617 585 663 638 rr,
687 565 711 627 Ι.
729 571 775 639 18,
797 566 850 626 IV.
873 587 901 644 9,
929 585 1004 645 quae
1031 569 1130 628 onrnia
1156 569 1220 626 κατὰ
1247 567 1294 626 bie
1323 567 1416 628 diuidi

271 675 401 743 possum
446 665 578 738 Quodsi
598 666 629 724 in
647 667 823 726 carminibus
843 667 1029 742 ambigebant
1048 685 1123 744 quae
1143 677 1174 726 et
1193 667 1293 726 breuia
1312 679 1414 726 essent

270 773 301 823 et
313 764 376 840 pari
390 781 512 823 numero
525 781 670 834 uemuum,
685 764 884 842 multomagis
906 766 936 824 in
958 765 1145 842 longioribus,
1162 767 1317 842 praecipue
1342 782 1413 824 uero

270 861 321 920 ubi
334 862 426 938 inpari
440 879 576 922 uersuum
589 879 711 922 numero
725 862 850 939 partium
863 863 1049 940 aequabilitas
1062 863 1092 922 in
1106 864 1232 924 obscuro
1245 875 1333 923 esset.

310 957 375 1020 Nec
407 959 514 1019 desunt
547 959 625 1036 apud
659 961 755 1036 ipsum
782 957 1032 1037 Hephaestionem
1066 961 1199 1037 exempla
1232 959 1412 1020 huiusmodi.

269 1056 348 1118 Nam
361 1059 392 1116 in
406 1062 421 1130 §
433 1076 472 1130 44
486 1057 537 1117 ubi
550 1057 588 1117 de
602 1059 772 1118 teuametris
785 1057 933 1134 dactylicis
947 1059 1024 1130 dicit,
1034 1059 1080 1118 his
1092 1060 1188 1120 uerbis
1201 1061 1290 1119 utitur
1304 1062 1347 1116 ml
1359 1065 1413 1115 eis

267 1156 446 1228 ἂιοτολὴιτοο
460 1158 489 1214 δι’
510 1159 542 1213 rd
563 1159 733 1230 τιτρόμιτρω
744 1156 901 1230 Ἀρχίλοχος
919 1158 1026 1230 indefes
1044 1160 1150 1230 imbros
1169 1161 1211 1216 ool
1232 1161 1262 1216 τὸ
1282 1160 1410 1234 προτάξαι

268 1255 331 1311 οὐτὸ
343 1258 482 1329 τροχοίιοῦ
495 1258 542 1310 τοῦ
554 1255 711 1326 καλουμένου
725 1255 906 1328 ῖθυφολλιιοῦ,
921 1255 1009 1314 olem.

449 1368 946 1444 οὗκέθὸμυιθόλλειοᾶπολὸνχρόο.
966 1373 1224 1447 κάρφποιγὸρῆθη.

266 1484 1110 1562 msooaoemouwoeoreomonu

449 1600 526 1658 md
539 1602 596 1676 ‘'W‘’
610 1605 756 1674 nmmo
770 1601 881 1676 0⁶7⁰*st
894 1603 963 1674 Δῑὸί

448 1698 508 1773 ἄρχ’
522 1700 618 1773 ι’ροτὸν
632 1698 721 1772 Iader,
735 1699 778 1756 ἐπὶ
791 1699 814 1756 d'
828 1698 917 1773 ἵμερον

449 1795 520 1874 ὕμνῳ
533 1799 574 1854 aa?
586 1799 709 1872 χαρίεντα
721 1797 788 1855 η’θιι
800 1801 887 1871 χόρον.

308 1910 373 1972 Has
393 1912 528 1990 strophas
548 1914 690 1973 trinorum
712 1913 800 1972 fuisse
824 1931 961 1972 uersuum
986 1911 1071 1972 docet
1091 1911 1239 1972 Maximus
1259 1911 1403 1973 Planudes
1514 1903 1515 1928 ¹

267 2009 317 2082 (V.
333 2008 405 2090 510)
419 2011 481 2082 αὕτη
495 2012 510 2083 ἡ
525 2013 629 2085 στροφὴ
642 2013 670 2067 e'tr
685 2017 763 2084 τριῶν
777 2013 836 2068 ἔστι
852 2015 941 2068 κόλων
959 2013 1115 2068 δακτυλικῶν
1135 2013 1280 2085 ἶσομέτρον
1301 2035 1402 2086 συγκει-

265 2112 327 2180 μένῃ
332 2106 350 2168 ¹.
384 2109 424 2168 Αι
436 2110 515 2169 enim
528 2109 586 2169 hoc
599 2110 695 2186 ipsum
709 2109 790 2187 quod
803 2110 833 2168 in
846 2111 936 2169 tribus
950 2111 1048 2170 metris
1062 2109 1195 2187 strophas
1208 2112 1292 2188 ponit
1303 2111 1401 2188 Heph-

265 2209 366 2278 aestio,
381 2226 441 2267 non
458 2209 541 2284 ponit
559 2209 589 2267 in
607 2209 718 2278 ceteris,
738 2217 909 2285 argumento
929 2218 972 2269 est
989 2209 1055 2267 alibi
1075 2226 1143 2268 euru
1157 2227 1218 2268 uon
1234 2227 1401 2285 agnoscere.

265 2305 345 2382 Ergo
368 2305 448 2383 quod
475 2306 544 2365 nihil
572 2306 641 2366 dicit
663 2306 845 2383 Hephaestio
868 2307 906 2366 de
929 2305 1103 2366 hexametris
1125 2309 1155 2366 in
1178 2307 1315 2384 strophas
1342 2309 1402 2384 lege

264 2405 426 2464 amoebaea
446 2402 602 2480 dispositis,
617 2405 745 2480 arguitur
765 2404 898 2482 strophas
922 2406 952 2464 irr
972 2405 1147 2465 hexametris
1168 2423 1228 2464 non
1249 2407 1401 2482 posuisse?

264 2499 339 2574 Quis
360 2511 404 2560 est
424 2511 521 2560 autem
541 2502 592 2578 qui
614 2503 748 2562 metricos
767 2503 929 2562 doctrinam
947 2503 1034 2562 etiam
1055 2503 1154 2580 primis
1173 2503 1261 2562 labris
1281 2504 1401 2579 attigerit

263 2600 314 2676 qui
345 2599 455 2658 neseiat
482 2597 672 2658 Theocritum
700 2598 824 2658 Bionem
852 2599 1017 2672 Moschum,
1042 2610 1073 2660 ut
1099 2601 1169 2660 nihil
1196 2601 1234 2660 de
1262 2600 1400 2660 Romanis

263 2697 367 2767 dicam,
382 2696 515 2756 bucolica
528 2696 657 2756 carmina
670 2697 701 2755 in
715 2698 848 2775 strophas
862 2699 1010 2775 redegisse
1029 2709 1107 2759 certa
1125 2700 1190 2776 lege
1207 2700 1262 2759 sibi
1282 2717 1399 2776 respon-

263 2793 387 2852 dentes?
428 2793 518 2866 Quod
538 2812 599 2853 non
613 2794 742 2855 Bucolici
763 2797 817 2855 soli
835 2795 972 2868 fecenurt,
987 2797 1039 2856 sed
1062 2797 1182 2873 Sappho
1202 2799 1299 2868 etiam,
1315 2807 1347 2856 ut
1365 2814 1398 2854 er

197 2883 200 2890 ’
263 2889 367 2950 Catulli
387 2911 412 2951 o.
427 2891 512 2951 LXII
535 2891 630 2968 Vesper
649 2893 732 2961 adest,
756 2895 873 2966 ιἰιιιοιιι,
897 2897 1070 2972 consurgite:
1099 2893 1193 2970 Vesper
1210 2893 1324 2971 Olympo
1344 2896 1401 2954 iure

262 2988 403 3064 colligitur
424 2987 544 3068 (Rossb.
559 3001 588 3050 et
602 2990 732 3068 Westph
750 2989 790 3050 11.
804 3011 832 3068 p.
847 2989 906 3070 ay).
948 2990 1032 3051 Idem
1051 2991 1233 3069 Hephaestio
1254 2992 1347 3050 multa
1366 2991 1400 3050 de

261 3087 425 3162 anapaestis
452 3088 546 3158 tradit,
569 3088 638 3148 nihil
665 3089 702 3148 de
727 3090 892 3167 synapheia
943 3089 1056 3150 Primus
1081 3091 1160 3148 enim
1182 3087 1249 3170 (nisi
1274 3090 1400 3166 excipias

261 3185 430 3246 Terentiani
453 3187 549 3246 Mauri
570 3190 691 3248 breuem
712 3189 886 3249 uersiculum
906 3189 979 3268 51²)
999 3189 1036 3249 R.
1051 3187 1199 3250 Bentleius
1220 3189 1250 3247 iu
1270 3188 1401 3265 Epistola

260 3287 299 3346 ad
314 3286 436 3346 Millium
459 3297 488 3346 et
506 3298 609 3364 postea
629 3289 659 3347 in
676 3288 885 3349 Dissertatione
902 3289 943 3370 'de
964 3290 1123 3361 Phalaride,
1142 3289 1222 3367 quod
1243 3299 1311 3348 ante
1335 3308 1400 3349 eum

261 3408 351 3450 nemo
372 3390 549 3461 obseruarat,
571 3408 724 3450 numerum
743 3391 774 3448 in
795 3401 1018 3468 anapaestonrm
1042 3391 1205 3469 systematis
1229 3389 1399 3458 continuari,

260 3507 355 3567 neque
370 3507 493 3566 usquam
507 3489 633 3565 syllabae
649 3489 765 3564 ancipiti
780 3490 878 3548 locum
896 3489 1018 3548 concedi
1031 3485 1130 3548 uidit².
1173 3489 1295 3547 Veteres
1316 3489 1401 3564 igitur

260 3588 354 3646 siant
374 3586 445 3645 nihil
464 3596 514 3645 aut
531 3604 676 3663 perpauca
697 3586 734 3644 de
755 3587 913 3663 synapheia
935 3587 1121 3658 tradiderunt,
1141 3587 1203 3646 siue
1223 3587 1318 3662 ignari
1338 3586 1401 3644 sine

260 3685 340 3762 quod
361 3685 476 3744 breuius
496 3703 558 3743 rem
579 3693 745 3756 tractarunt,
767 3685 828 3744 siue
848 3685 928 3762 quod
947 3685 1079 3761 neglecta
1099 3703 1311 3762 nonnunquam
1332 3681 1400 3754 θεῖ’,

259 3783 367 3843 idcirco
390 3781 564 3860 synapheiae
592 3782 688 3842 locum
717 3801 801 3841 suum
824 3785 986 3860 negemus?
1013 3781 1069 3844 Vel
1091 3784 1200 3844 sinon
1221 3783 1328 3843 desunt
1349 3801 1399 3842 ex-

259 3881 357 3959 empla
377 3881 556 3941 senariorum
577 3881 669 3958 qualis
690 3880 737 3940 hic
757 3892 802 3940 est

577 3999 676 4057 'Arhns
689 4003 704 4054 l
716 3999 854 4072 χαλκέοισι
867 4002 955 4057 νώτοις
968 4001 1077 4072 οὐρανὸν

291 4153 299 4183 ¹
316 4155 435 4204 Rossbach
446 4157 493 4204 und
503 4157 620 4218 Westphal
632 4157 778 4206 Gnathisebe
790 4157 878 4205 Metrilr
887 4158 916 4207 ll.
928 4171 950 4218 p.
960 4157 998 4206 28.

288 4233 299 4264 ²
315 4237 440 4286 Hermann.
456 4238 568 4286 Element.
585 4241 708 4287 Doctrinae
726 4239 836 4287 Metricae
853 4241 882 4287 ll.
899 4255 919 4286 c.
932 4251 971 4300 32.
1016 4239 1081 4286 Adde
1098 4237 1229 4287 Tcrcrrtian.
1243 4239 1321 4288 Maur.
1336 4252 1400 4302 1404

261 4317 343 4365 Versus
358 4319 394 4366 bie
411 4334 528 4383 ιιιιιιοιιαοι
545 4321 654 4377 mallan
676 4322 717 4371 boc
732 4337 773 4369 arto
789 4323 887 4372 reddam
902 4321 959 4378 loco,
970 4322 1032 4383 quod
1049 4322 1078 4369 de
1090 4321 1213 4384 synapheia
1228 4323 1315 4372 dictum
1329 4323 1399 4371 habet
1419 4323 1422 4343 '

257 4400 382 4462 Coniugio.

290 4487 301 4518 ⁸
315 4489 373 4536 Vide
384 4490 487 4551 exempla
498 4491 521 4536 in
534 4491 615 4540 Rosrb.
627 4501 651 4539 ct
662 4492 766 4553 westph.
778 4493 869 4542 Griech.
882 4492 977 4542 Metrilr.
989 4493 1018 4540 ll.
1031 4507 1069 4554 pp.
1080 4493 1185 4557 pli-too.
