3136 5060
585 425 642 488 ΑΙ)
655 421 825 525 XXXVII.
844 447 888 486 ιο.
1244 427 1302 484 ³23

169 603 312 685 Quartilla
331 615 430 672 ‘enarr
449 613 572 672 dormire
591 611 668 673 uota
687 616 717 672 r'n
737 621 820 672 meatu
839 618 885 684 est,
906 630 968 670 cum
987 612 1082 671 erratu
1101 607 1211 688 Priapi
1224 610 1306 687 gena

166 713 362 788 ‘peruigilium
375 707 500 771 deterit·

210 808 282 868 Cura
305 807 432 884 Ascyltos
451 814 592 884 grauatus
617 814 657 866 tot
677 808 760 866 atala
783 809 814 866 in
839 825 963 867 umnam
989 805 1137 878 laberetur,
1160 807 1211 864 illa
1238 821 1307 883 quae

166 908 275 966 murra
288 908 399 983 depulsa
405 908 514 986 suerat
525 907 628 966 ancilla
640 913 723 966 totam
728 907 837 986 saraba
851 909 908 964 eries
914 906 1045 983 suttgriae
1059 906 1141 983 lartga
1153 906 1309 983 perfrui-tat

166 1015 193 1066 et
203 1025 258 1064 noa
270 1009 408 1066 senta'eratii
420 1007 502 1065 labra
515 1006 690 1082 laneaque
702 1008 803 1082 rapitr’.
819 1049 826 1064 .
841 1049 849 1063 .
863 1005 959 1064 amaa
965 1007 1075 1080 pinxit.

208 1105 289 1178 Quid
309 1106 341 1165 in
364 1106 599 1183 sopitionibus
625 1105 712 1164 lateat
732 1105 873 1164 incertum
897 1113 949 1163 est.
998 1103 1027 1161 A
1047 1104 1192 1163 literarum
1217 1103 1306 1162 ductu

168 1205 301 1282 proxime
317 1206 400 1264 abest
420 1205 528 1280 sopiti
555 1204 741 1262 titionibus
761 1203 799 1263 cl.
813 1201 907 1279 Priap.
923 1201 1005 1260 XIV.
1025 1221 1061 1261 10
1075 1202 1157 1278 quod
1171 1201 1307 1261 exhibere

168 1322 261 1380 marg.
273 1302 309 1362 L.
324 1303 411 1363 docet
424 1301 634 1375 Buechelerus;
656 1321 751 1379 neque
764 1301 822 1360 hoc
836 1300 945 1361 idcirco
958 1301 1155 1378 respuendum
1168 1310 1212 1360 est
1225 1300 1307 1377 quod

168 1423 238 1464 non
266 1405 451 1464 sentientis
471 1404 634 1481 praecedat,
648 1421 718 1462 nam
738 1401 843 1462 horum
863 1403 1019 1462 uerborum
1039 1403 1194 1476 ἐπεξῆῃσις
1210 1412 1306 1479 potest

168 1519 234 1562 esse
244 1503 435 1580 sopiti‘non
446 1503 594 1562 sentientis
603 1511 634 1561 ut
643 1502 692 1578 qui
702 1501 814 1578 sopitus
825 1501 918 1560 esset'
941 1499 1032 1573 Quod
1042 1499 1104 1576 ipse
1112 1499 1307 1561 Buechelerus

169 1601 249 1662 dedit
270 1601 404 1680 ‘supini
428 1598 654 1662 carbonibus'
677 1599 902 1674 (carbonibus
922 1597 1152 1670 Hildebrandus)
1167 1599 1218 1657 uix
1234 1609 1306 1674 puto

165 1699 201 1766 in
218 1699 455 1776 sopitionibus
473 1698 618 1775 corrumpi
631 1699 770 1774 potuisse.
812 1696 853 1757 H.
861 1699 898 1756 A.
908 1696 1041 1756 Kochius
1055 1697 1307 1773 scriptionibus

166 1796 217 1856 hic
230 1815 349 1874 qnoque
362 1796 519 1873 legendum
533 1805 649 1869 censet;
670 1797 716 1856 cui
736 1796 836 1856 nescio
855 1813 893 1854 an
913 1813 974 1854 non
992 1795 1176 1873 praetulerim
1194 1794 1308 1854 Heinsii

167 1895 404 1954 'emendationem
425 1895 672 1972 scopionibus;
697 1893 768 1953 nihil
788 1895 867 1952 enim
888 1894 927 1953 ad
946 1911 1008 1954 rem
1029 1894 1123 1970 aptius
1140 1901 1201 1952 erat
1218 1911 1308 1970 quam

169 2003 202 2052 ut
214 1991 284 2052 uino
294 2010 428 2052 marcens
442 1992 546 2052 ancilla
559 1992 640 2052 ebrio
651 1991 849 2052 temulentiam
860 1992 1040 2069 exprobrans
1050 1991 1237 2069 scopionibus
1248 1991 1307 2054 ise.

165 2108 293 2149 -uuarum
309 2089 450 2166 pediculis
463 2101 604 2167 tanquam
621 2089 761 2167 penicillis
780 2089 885 2149 faciem
903 2090 965 2149 eius
979 2089 1157 2167 depingeret.
1200 2089 1309 2150 Omnia

169 2189 250 2246 enim
271 2187 318 2248 hic
339 2188 377 2248 ad
398 2189 565 2248 ebrietatem
586 2188 747 2248 reseruntur
768 2189 991 2265 ‘gustatione
1011 2188 1162 2249 mirifica
1181 2190 1310 2249 initiati

171 2288 277 2346 ‘uino
300 2287 449 2348 Falerno
475 2287 699 2347 inundamur'
727 2287 810 2347 ‘alii
837 2288 930 2347 circa
952 2287 1060 2364 pedes
1087 2288 1310 2348 discumben-

169 2387 279 2446 ‘tium
301 2387 414 2463 sparsi
435 2386 605 2459 iacebant,
627 2387 685 2447 alii
707 2387 899 2465 parietibus
922 2386 1089 2464 appliciti,
1111 2388 1250 2463 quidam
1275 2390 1309 2448 in

171 2485 273 2562 ‘ipso
299 2485 417 2544 limine
445 2486 645 2544 coniunctis
672 2487 873 2545 marcebant
896 2485 1088 2563 capitibus,’
1111 2485 1245 2546 lucernae
1259 2487 1310 2556 de,-

171 2582 273 2654 lectae,
288 2583 377 2642 fracta
391 2601 410 2642 a
423 2583 502 2660 Syris
515 2584 629 2660 lagena,
643 2583 747 2644 ancilla
766 2601 854 2662 super
873 2595 969 2644 torum
989 2603 1130 2658 marcens,
1144 2585 1223 2646 iures
1242 2605 1310 2646 cum

171 2680 345 2758 deprehensi
366 2693 464 2744 essent
487 2683 611 2742 excitata
633 2692 716 2760 parte
736 2683 881 2744 ebriorum
906 2692 1057 2744 stertentes
1081 2695 1220 2761 tanquam
1240 2686 1311 2745 olim

172 2779 355 2840 dormissent
405 2780 599 2858 Scopiones
625 2780 695 2841 be.
722 2781 874 2859 pediculos
899 2798 1023 2841 auarum
1050 2784 1199 2858 usurpauit
1221 2783 1332 2843 Coln·'

166 2881 259 2950 ,mella
271 2881 324 2940 XI.
341 2900 388 2957 39.
402 2899 420 2957 3
442 2881 496 2940 Va·
510 2884 581 2941 satri
600 2888 752 2959 corrugata
773 2888 857 2940 aunt
873 2885 956 2942 acrba
970 2883 1065 2942 &racto
1081 2889 1107 2941 et
1121 2886 1180 2942 uite
1199 2887 1312 2963 scopi·

172 2979 300 3038 onibus
324 2979 556 3055 (scipionibus
579 2979 678 3054 codd.)
700 2981 731 3037 in
751 2979 853 3038 dolium
872 2981 992 3038 contulo.
1032 2979 1148 3040 Eodem
1167 2983 1313 3042 uocabulo

172 3094 243 3136 usus
260 3086 305 3136 est
318 3096 372 3153 pro
390 3077 531 3154 pediculis
547 3077 681 3156 asparagi
695 3076 748 3138 XI.
761 3097 788 3152 3.
801 3080 839 3150 46
854 3075 947 3137 Str'lus
959 3081 1097 3156 asparagi
1107 3082 1159 3154 qui
1168 3083 1314 3141 maurim

170 3176 329 3234 autumnali
346 3182 461 3252 tempore
480 3178 612 3248 nascatur,
627 3195 681 3234 nan
693 3177 781 3235 ammi
793 3176 975 3235 attollendus
990 3177 1039 3235 sed
1054 3178 1150 3254 aliqua
1164 3189 1239 3255 pars
1255 3182 1314 3239 aits

173 3275 204 3331 r'n
223 3291 310 3332 semen
329 3273 508 3332 submittenda
528 3281 574 3334 cst.
615 3273 722 3332 Da'rtde
740 3293 801 3332 curt
821 3278 929 3350 apricam
938 3275 1046 3352 fecerit
1063 3275 1149 3335 electri
1168 3276 1314 3336 umlnt'bus

172 3373 241 3448 ipsa
265 3373 454 3449 scopioues
479 3373 699 3450 (scorpiones
721 3373 821 3447 codd.)
840 3375 880 3431 ita
898 3373 943 3431 uti
957 3379 1025 3432 sunt
1041 3375 1071 3432 ir
1089 3393 1139 3432 rua
1157 3374 1211 3432 laco
1227 3383 1313 3449 peru-

173 3471 257 3528 rente·
272 3477 345 3542 sura,
365 3471 416 3529 ubi
440 3471 628 3547 scopioues
654 3470 817 3531 Columella
837 3470 906 3530 dicit
925 3488 998 3547 quas
1022 3489 1148 3550 scopas
1169 3471 1313 3532 Palladius

173 3567 227 3626 IV.
242 3589 270 3644 9.
288 3587 323 3627 ra
345 3569 447 3628 Postea
472 3586 598 3647 scopas
622 3571 679 3628 aiu
701 3571 868 3645 (asparagi)
891 3570 1020 3628 ιἠιηιιίιε.
1061 3569 1155 3629 Varro
1178 3570 1214 3630 R.
1229 3569 1266 3630 R.·
1288 3570 1312 3630 I.

175 3683 222 3742 54.
245 3687 261 3727 a
291 3670 479 3745 scopioues
505 3687 629 3728 auarum
655 3685 784 3746 scopos
811 3668 944 3746 appellat
995 3669 1072 3741 Quae
1097 3669 1217 3728 calcatae
1243 3687 1314 3728 uuae

173 3772 256 3824 erunt
280 3785 376 3825 aarum
403 3769 502 3844 scopi
529 3786 590 3824 cum
603 3767 746 3845 folliculas
768 3766 919 3825 manendi
936 3766 987 3825 sul
1003 3768 1120 3842 prelum,
1143 3774 1176 3825 ut
1197 3769 1317 3844 siquid

175 3866 279 3940 reliqui
294 3865 413 3924 labem
434 3868 521 3924 musti
538 3867 719 3940 exprt'rrtatur
740 3867 770 3922 tra
793 3867 902 3925 madent
923 3865 1021 3924 lacum.
1063 3865 1161 3924 Ib.Il.
1178 3869 1255 3938 4.16
1277 3865 1317 3926 Si

163 3963 280 4040 suadas
300 3965 450 4035 meabant,
465 3964 533 4021 dari
549 3964 635 4022 soleat
653 3965 767 4022 urbam
786 3981 821 4021 ac
847 3965 945 4040 scopi
972 3983 1011 4022 ex
1031 3967 1104 4036 uuai,
1124 3965 1175 4024 ubi
1196 3965 1313 4024 codices

176 4061 296 4136 scopei
319 4061 367 4120 uel
389 4061 526 4138 scropei
546 4061 691 4134 exhibent,
705 4072 734 4120 et
748 4061 789 4120 sic
803 4061 878 4121 Cato
893 4061 930 4122 R.
946 4061 982 4120 R.
998 4059 1093 4121 CXII.
1108 4081 1126 4137 3
1145 4061 1215 4120 Tum
1231 4065 1313 4120 wau

61 4153 64 4160 ’
175 4158 207 4215 de
220 4161 283 4217 uut's
299 4159 425 4218 macella
441 4160 569 4235 decerpite
586 4160 619 4218 ale
640 4160 763 4238 scopio
789 4161 971 4238 (scopione
991 4157 1179 4239 Politianus);
1201 4164 1231 4220 in
1245 4163 1314 4222 a'dea

175 4257 278 4316 dottam
301 4277 384 4334 usque
405 4258 469 4317 aaa
493 4259 647 4334 riupleumi
669 4260 844 4334 comprimito.
886 4259 945 4319 Sed
968 4271 1115 4336 utcunque
1137 4260 1174 4320 de
1197 4261 1314 4322 Petroni

176 4354 243 4416 loco
277 4367 416 4416 statutum
450 4357 543 4429 luerit,
572 4356 703 4418 Catullus
739 4355 972 4435 Scopionibus
1006 4360 1056 4418 uix
1087 4361 1181 4437 potuit
1209 4361 1312 4421 dicere.

177 4453 255 4514 Nibil
287 4455 366 4514 enim
392 4456 440 4516 hic
468 4456 505 4516 de
536 4457 712 4530 temulentia,
741 4474 908 4533 quanquam
935 4459 965 4516 in
993 4460 1120 4518 tabernis
1149 4459 1314 4520 huiusmodi

697 4571 720 4616 τ
736 4561 785 4618 ta
