3118 5054
580 447 939 512 PROLEGOMENA.
1306 449 1333 504 iii

180 632 307 708 uestigia
329 651 401 710 prae
426 651 458 692 se
483 633 537 692 lert
561 633 632 692 noni
657 633 704 692 uel
730 633 836 694 decimi
864 633 982 694 saeculi.
1035 633 1202 712 Disputauit
1227 635 1264 694 de
1288 634 1335 693 bis

180 730 368 791 Froehnerus
392 733 422 790 in
448 731 602 809 Philologo
624 731 708 790 xlv,
724 735 794 806 578,
816 731 896 792 unde
919 733 1058 810 paginam
1083 733 1334 792 transcribendam

181 847 291 891 curaui.

289 1063 330 1145 b
350 1057 676 1144 ΕΡΗΜὶιο
699 1101 709 1118 ·
733 1015 821 1144 ria

294 1208 345 1306 f-
391 1209 422 1294 fl
464 1163 1022 1294 {trivinen-sia

301 1387 353 1466 Λ
409 1378 529 1456 ο·5
562 1305 1242 1561 wiffam-vrit&

300 1535 350 1616 Λ
392 1538 443 1614 b·
431 1545 917 1640 ·vearuauutxrm
945 1517 1074 1646 νηῒ

294 1683 348 1766 Λ
391 1693 420 1780 b
459 1706 722 1796 warum
744 1737 1055 1822 »vasatum
1061 1765 1162 1828 vm

310 1842 360 1921 Α
396 1854 551 1943 ,ΜΛ
576 1847 1025 1990 nutantum:
1168 1779 1225 1914 L

312 2031 355 2120 ,Λ
398 2035 456 2108 t·
469 2041 709 2107 catarum
744 2037 1138 2201 roeramyu:
1070 1981 1229 2213 r?

307 2187 474 2276 Ab·
463 2205 1068 2294 vanum-axv
1006 2139 1171 2368 :Al

319 2277 1233 2520 Λθ·ΤΛ“Ι-1ΛΙΜ·χνη.κο

317 2529 357 2600 Λ
397 2529 427 2599 u
461 2525 875 2596 macutum
907 2545 1086 2626 grui:
1073 2476 1229 2646 Μ

324 2683 645 2759 (mv-Met·
672 2691 868 2758 ΜΜῊ,
895 2695 1044 2774 χρὴ·
1053 2713 1109 2734 ··-

226 2945 314 3006 Haec
335 2947 433 3008 titulos
454 2949 571 3008 exbibet
591 2950 763 3020 carminum,
783 2947 886 3025 quales
907 2947 936 3006 in
951 2945 985 3005 D
998 2947 1187 3024 reperiuntur.
1229 2945 1337 3005 Forma

184 3043 333 3104 literarum
352 3047 422 3105 satis
441 3047 561 3125 antiqua
579 3047 618 3109 ad
632 3047 661 3106 X
676 3057 754 3107 certe
774 3047 933 3118 saeculum,
948 3045 1071 3105 fortasse
1093 3047 1131 3104 ad
1145 3044 1190 3103 IX
1207 3043 1338 3104 refertur.

185 3143 222 3202 ld
247 3144 449 3206 demonstrant
474 3147 632 3225 apertiores
654 3147 683 3205 A
696 3145 725 3202 V
740 3145 768 3204 R
783 3145 817 3216 B,
842 3143 867 3204 C
892 3146 923 3204 in
948 3145 1081 3204 dextram
1105 3154 1226 3204 sumata
1249 3153 1337 3220 atque

185 3256 292 3315 erecta,
306 3244 330 3302 F
344 3245 374 3303 iu
392 3245 525 3305 dextram
544 3247 709 3322 insurgens,
729 3245 758 3304 N
779 3245 856 3304 linea
877 3256 956 3304 recta
977 3255 1006 3303 et
1028 3244 1164 3322 propiore
1184 3243 1284 3301 literae
1305 3241 1336 3301 H

185 3361 247 3402 non
267 3355 299 3402 ut
317 3345 489 3421 plerumque
503 3363 521 3404 a
535 3363 651 3404 summa
664 3344 780 3404 sinistra
794 3343 833 3402 ad
847 3344 936 3402 imam
951 3345 1083 3402 dextram
1098 3343 1186 3402 ducta
1200 3342 1230 3400 in
1244 3352 1337 3400 trans-

185 3461 313 3513 uersum,
335 3462 353 3501 e
378 3443 505 3519 denique
528 3443 692 3502 minuscula
716 3444 815 3501 iuncta
839 3459 965 3517 magnae
984 3440 1043 3519 (E).
1086 3439 1171 3500 Idem
1192 3440 1279 3500 etiam
1299 3459 1336 3500 ex

184 3543 356 3617 permutatis
370 3542 401 3600 in
414 3541 533 3601 Datano
547 3542 636 3602 literis
650 3541 825 3618 intelligitur.
866 3539 1070 3600 Permutantur
1084 3551 1182 3598 autem
1195 3539 1251 3598 hae

226 3771 253 3824 e,
268 3771 287 3810 a
349 3749 461 3809 dicabis
472 3749 548 3808 cassi
558 3748 670 3807 detinat
679 3748 809 3826 eripuisti
819 3746 946 3825 Cybales
957 3747 1067 3807 alacras
1083 3771 1114 3799 =
1129 3747 1248 3806 dicebas
1262 3747 1338 3807 cessi

390 3847 502 3907 detinet
518 3847 647 3923 eripuisti
662 3845 788 3923 Cybeles
807 3847 916 3905 alacres
925 3865 934 3918 ;
956 3847 1011 3905 dee
1030 3845 1117 3922 pinee
1136 3846 1209 3923 perit
1228 3846 1338 3922 legerat

391 3947 456 4005 talis
475 3947 595 4006 suscitet
609 3969 641 3998 =
655 3944 712 4005 dea
727 3945 813 4023 pinea
826 3945 901 4022 parit
915 3945 1025 4020 legarat
1039 3944 1104 4004 talis
1118 3945 1246 4004 suscitat
1289 3943 1337 4003 Sic

391 4043 613 4104 Theleamacho
634 4062 669 4103 ex
692 4045 841 4120 scriptura,
856 4055 888 4102 ut
908 4043 1031 4114 uidetur,
1046 4053 1151 4114 ortum,
1166 4061 1242 4120 quae
1257 4041 1337 4102 Tire-

390 4143 524 4204 lemacho
539 4163 577 4204 au
592 4143 794 4203 Thelamacho
809 4155 886 4204 esset
900 4144 930 4202 in
944 4145 1056 4203 incerto
1070 4143 1131 4204 luit.
1203 4151 1211 4168 ⁶

227 4264 256 4320 o,
270 4264 289 4306 a
350 4243 466 4303 Pasiteo
481 4255 564 4320 tergo
580 4243 701 4320 delapso
715 4253 798 4302 tanto
813 4265 846 4296 =
861 4241 996 4304 Pasithea
1009 4254 1091 4320 terga
1106 4243 1226 4320 delapsa
1239 4253 1337 4318 tanta3

392 4353 441 4402 tua
456 4343 534 4402 nulla
548 4353 610 4401 tota
623 4343 750 4418 obrupto
765 4365 797 4393 =
811 4351 863 4400 tuo
877 4342 957 4402 nullo
971 4353 1034 4401 toto
1048 4343 1182 4419 abrupto,

226 4463 256 4514 u,
270 4463 289 4502 a
349 4442 462 4501 diualso
476 4442 587 4500 bonam
601 4441 755 4500 uoltarium
768 4440 913 4500 buttriade
928 4462 961 4494 =
976 4439 1091 4500 diuulso
1110 4441 1222 4499 bonurn
1242 4439 1338 4499 uultu-

389 4543 465 4599 rium
478 4539 628 4600 battriade.

720 4645 801 4712 *libz
