3136 5060
266 417 324 472 ³16
728 411 941 472 EXCVRSVS

266 595 355 654 Deam
370 595 532 654 Lauernam
542 595 652 672 surum
669 595 799 656 Bellonae
813 596 980 655 Discordias
995 595 1104 654 Furias
1123 603 1151 654 et
1167 597 1247 654 tanea
1268 597 1320 652 illa
1340 613 1411 670 quae

265 697 427 754 constituitis
441 698 555 754 numi'em
569 697 769 754 taciturnitatis
781 696 888 754 si'leertio
895 696 1118 772 praeurilimur.
1161 696 1237 754 Ante
1248 693 1410 770 Bergkium

266 793 409 870 Leysenis
432 795 463 852 in
485 793 618 854 Censura
642 794 688 852 ed.
708 793 923 871 Doeririgianae
947 793 1042 868 (lahn.
1057 795 1134 852 Anu.
1150 793 1216 852 XV.
1232 797 1285 868 37)
1308 793 1411 852 diuam

266 891 432 952 larundam
447 893 649 970 interpretatus
663 903 716 964 est,
731 913 856 970 euinque
871 894 1035 980 nuperrime
1049 903 1166 954 secutus
1180 903 1223 951 est
1237 892 1413 952 Schwabius

266 991 354 1050 allato
372 1009 409 1050 ex
428 991 538 1052 Placidi
553 991 667 1052 Glossis
682 991 757 1066 (Mai
772 991 864 1052 Class.
878 993 963 1052 Auct
978 991 1034 1051 ΙΙΙ.
1052 995 1122 1066 478)
1140 990 1307 1048 larundam
1326 1009 1411 1066 quan

265 1089 376 1166 quidam
390 1089 483 1148 delean
496 1092 550 1164 (sic
566 1090 733 1151 Schwabius
747 1110 801 1168 pro
812 1108 849 1149 eo
860 1090 941 1167 quod
954 1083 1062 1150 habent
1073 1090 1190 1149 codices
1204 1091 1292 1160 uiam)
1305 1089 1410 1147 dimit.

267 1187 334 1264 lpse
357 1187 472 1264 Bergkii
493 1189 689 1248 coniecturam
708 1189 813 1249 ducein
834 1199 951 1248 secutus
971 1189 1086 1248 conicio
1107 1187 1193 1248 Cum
1214 1187 1295 1246 diua
1315 1195 1412 1244 muta

266 1287 406 1360 gauias3
442 1287 490 1345 uix
519 1289 598 1346 enim
625 1289 713 1347 credo
742 1289 821 1348 diua
848 1289 890 1347 sic
917 1289 996 1348 nude
1025 1306 1078 1364 per
1104 1306 1136 1346 se
1166 1288 1237 1363 poni
1267 1287 1411 1362 potuisse,

266 1385 432 1445 muttiens
453 1397 550 1446 autem
571 1387 671 1446 nescio
690 1387 760 1465 quid
779 1388 873 1464 asperi
894 1399 987 1458 sonat,
1002 1398 1033 1445 ut
1052 1386 1121 1444 nihil
1141 1386 1178 1445 de
1197 1385 1412 1444 adsonantibus

267 1501 348 1542 aues
368 1486 563 1544 oscitantes
577 1485 706 1544 dixerim.
748 1483 825 1546 Diua
839 1495 920 1544 muta
933 1494 983 1545 aut
996 1484 1133 1545 Larunda
1145 1494 1190 1542 est
1204 1495 1253 1542 aut
1267 1495 1299 1542 ut
1313 1483 1411 1559 magis

267 1582 375 1641 inclino
389 1593 420 1641 ut
434 1583 552 1643 credam
564 1583 733 1660 Angerona.

308 1679 397 1740 Hanc
416 1681 494 1740 enim
509 1681 616 1742 Diuum
632 1682 750 1760 proprio
770 1682 889 1741 nomine
909 1691 1045 1742 uocatam
1063 1681 1150 1740 fuisoe
1172 1681 1301 1740 indicant
1321 1679 1411 1739 sei-iae

268 1780 337 1848 eius,
352 1797 427 1856 quae
446 1777 505 1838 XII
527 1791 594 1839 ante
615 1781 750 1840 edendas
771 1780 921 1840 lanuarias
939 1781 1100 1840 celebratae
1114 1779 1208 1840 Diuae
1227 1779 1274 1838 uel
1289 1777 1412 1838 Diuales

268 1877 298 1936 in
313 1876 405 1937 Fastis
420 1877 621 1950 Praenestinis,
636 1879 750 1938 Diuulia
767 1880 798 1937 in
812 1878 977 1938 Maffeianis
992 1879 1179 1956 appellantur.
1221 1877 1268 1936 De
1283 1877 1340 1936 hac
1355 1878 1413 1936 dea

269 1975 362 2034 Varro
377 1975 409 2034 L.
421 1976 455 2035 L.
470 1977 521 2035 Vl.
540 1997 555 2036 a
560 1997 576 2052 3
592 1979 633 2036 sic
648 1979 745 2037 scribit
758 1977 950 2054 Angeronalia
967 1977 1003 2035 ab
1015 1977 1166 2054 Angerona
1179 1976 1410 2052 cuisacrificiuin

259 2073 301 2148 fit
313 2076 342 2130 iu
356 2077 436 2132 curi'a
450 2075 580 2134 Acculeia
593 2084 619 2134 et
630 2076 810 2154 cuiusscrrae
816 2075 943 2152 publicae
956 2079 986 2133 in
1000 2077 1063 2135 di'cr.
1106 2075 1180 2134 Plin.
1195 2074 1237 2132 H.
1249 2075 1286 2132 N.
1300 2075 1357 2134 111.
1371 2077 1410 2148 65

268 2169 398 2250 (Romae)
419 2193 512 2230 nomen
532 2175 649 2232 alterum
671 2175 758 2232 dicere
777 2177 893 2232 arcanis
914 2175 1155 2232 caerecnoiiiari'um
1180 2174 1259 2251 nefas
1282 2173 1411 2242 habetur,

267 2278 424 2346 emtumaquc
444 2279 470 2330 et
487 2273 613 2332 salutari
622 2272 682 2348 fide
701 2273 829 2330 obolitum
850 2274 1006 2330 enuntiauit
1025 2270 1151 2330 Valerius
1164 2269 1294 2329 Soranus
1307 2273 1412 2346 luitque

268 2387 335 2426 mox
345 2380 455 2444 poenas.
497 2369 564 2429 Nori
578 2372 696 2430 altinum
713 2372 823 2428 ui'ctetur
837 2371 957 2429 insuere
969 2370 1019 2428 lioc
1031 2371 1086 2428 laco
1099 2371 1251 2444 exenipluni
1265 2371 1414 2446 religionis

267 2468 396 2542 annariae
415 2468 446 2526 ol
466 2469 516 2526 hoc
536 2487 667 2527 maxume
686 2470 821 2526 solentium
844 2469 988 2526 e‘riste'tutae.
1032 2467 1160 2543 Namque
1174 2468 1243 2527 diua
1255 2467 1410 2544 Angerona

267 2569 316 2624 cui
328 2567 509 2643 sacrificatur
522 2576 584 2626 aiite
599 2569 668 2625 di'ern
681 2565 758 2625 XII
770 2565 908 2626 Calendas
921 2566 1079 2626 Ianuarias
1092 2586 1139 2624 ore
1151 2567 1268 2643 obligato
1280 2567 1410 2643 obsigna-

266 2672 342 2738 toque
355 2667 534 2722 simulacrum
549 2666 635 2724 habet.
678 2665 846 2724 Macrobius
861 2664 889 2725 S.
903 2664 926 2722 I.
942 2684 978 2725 ro
992 2665 1156 2722 Duodenneo
1171 2665 1245 2742 (ante
1258 2665 1314 2722 kal.
1329 2661 1410 2743 Ian.)

267 2781 331 2819 uero
347 2763 446 2838 seriae
471 2772 537 2821 suat
561 2765 642 2822 duae
665 2764 848 2841 Angeroniae,
870 2767 918 2822 cui
936 2765 1078 2841 pontifices
1104 2767 1134 2822 i'n
1161 2765 1258 2822 sacello
1283 2762 1414 2838 Volupi'ae

265 2861 505 2937 sacrumfaciient,
519 2881 601 2937 quarn
621 2861 735 2919 Verrius
749 2860 869 2920 Flaccus
881 2860 1073 2940 Angeroniam
1087 2863 1145 2918 dici
1154 2863 1197 2920 ait
1208 2862 1282 2936 quod
1292 2880 1414 2938 angores

266 2977 300 3016 ac
318 2959 511 3017 sollicitudines
531 2963 687 3018 animorum
705 2961 857 3035 propitiata
878 2960 995 3035 depellat.
1038 2959 1191 3018 Masurius
1214 2961 1302 3017 adi'cit
1323 2961 1412 3017 simu·

266 3057 372 3114 lacrum
391 3058 475 3116 huius
491 3059 555 3116 deae
571 3077 617 3116 ore
636 3059 754 3134 alligato
772 3067 852 3134 atque
868 3059 976 3134 signato
994 3061 1024 3115 in
1043 3077 1098 3116 ara
1121 3057 1248 3132 Valupiae
1261 3065 1412 3133 propterea

266 3157 430 3228 collocatum,
451 3159 525 3232 quod
541 3159 593 3232 quc·
610 3177 674 3216 suos
695 3157 800 3215 dolores
820 3160 1025 3233 anxiitatesque
1047 3157 1224 3216 dissimulant
1243 3158 1413 3230 muman!

260 3259 410 3330 patientiae
423 3255 544 3332 beneficio
557 3257 598 3313 ad
608 3258 763 3314 maximian
777 3257 947 3330 uoluptatem.
984 3255 1079 3313 Iidi'us
1092 3253 1237 3312 Modestus
1250 3255 1307 3312 idco
1320 3255 1414 3312 sacril·

259 3355 354 3431 ficari
370 3355 436 3412 huic
452 3356 514 3412 deae
534 3355 601 3413 dicit
619 3355 693 3430 quad
705 3356 821 3430 popedus
834 3352 981 3412 Romanus
998 3354 1089 3411 inorbo
1104 3372 1174 3429 quae
1185 3355 1292 3428 angina
1306 3352 1412 3410 dicitur

263 3456 416 3529 praeniissa
436 3462 495 3512 uoto
515 3455 554 3512 sit
571 3453 710 3512 liberatus.
754 3454 797 3513 ld.
814 3453 842 3512 S.
858 3453 913 3512 III.
929 3473 955 3528 9.
973 3474 989 3525 4
1011 3451 1077 3528 Ipsi
1090 3451 1218 3510 Romani
1234 3459 1260 3510 et
1278 3451 1357 3508 duni
1380 3451 1412 3506 in

267 3555 346 3610 curies
366 3555 448 3612 tutela
469 3553 537 3610 urbs
549 3549 642 3610 Roina
662 3561 709 3624 est,
723 3560 749 3610 et
764 3555 852 3628 nisius
871 3553 950 3611 urbis
963 3551 1098 3610 Latinum
1113 3569 1206 3608 nomen
1220 3553 1342 3626 ignotum
1355 3569 1413 3608 esse

267 3654 418 3711 uoliurunt.
461 3650 520 3711 Sed
540 3652 585 3708 dci
602 3653 706 3727 quidem
731 3671 824 3710 mmm
848 3652 988 3709 mansellis
1009 3653 1185 3726 antiquorum
1205 3651 1267 3706 licet
1289 3651 1362 3705 i'iiter
1383 3667 1412 3706 sc

266 3753 452 3810 dissidentium
471 3751 551 3808 libris
568 3753 690 3820 insitum,
704 3758 730 3808 et
746 3751 802 3808 i'deo
819 3758 925 3808 uetusta
940 3749 1160 3825 persequentibus
1173 3748 1303 3824 quiequid
1316 3747 1349 3804 de
1361 3747 1412 3804 lioc

261 3857 381 3925 putatior
402 3851 524 3907 innotuit.
566 3847 631 3906 Alii
649 3851 718 3908 enim
737 3847 830 3906 Iouem
848 3849 1028 3918 crediderunt,
1049 3848 1104 3906 alii
1119 3847 1253 3904 Lunam:
1277 3853 1344 3904 sunt
1362 3848 1416 3920 qui

268 3948 446 4023 Angeronam
468 3967 537 4022 quae
559 3947 645 4024 digito
664 3949 705 4005 ad
721 3965 750 4004 os
770 3949 875 4005 Mutato
896 3948 1034 4004 silentium
1057 3947 1217 4012 denuntiat·
1238 3945 1293 4001 alii
1312 3949 1411 4013 aretem,

267 4065 381 4120 quorum
402 4045 475 4122 fides
501 4045 573 4104 milii
597 4045 707 4104 uidetur
725 4045 853 4121 firmior,
884 4043 965 4120 Opcni
995 4044 1157 4104 Conscieiam
1185 4062 1240 4100 esse
1265 4043 1411 4100 demeum.

269 4146 371 4204 Festus
385 4164 413 4222 p.
428 4160 463 4221 17
480 4146 646 4222 Angeronae
663 4147 726 4204 deae
742 4165 827 4204 sacra
839 4142 978 4204 Recreanis
997 4146 1121 4203 i'iistituta
1139 4151 1212 4214 sunt,
1226 4161 1287 4201 cum
1303 4144 1411 4218 angina

268 4262 343 4300 omne
355 4263 444 4319 genus
457 4247 620 4303 animalium
634 4252 843 4313 connumeretur,
857 4246 936 4303 curies
943 4243 1025 4320 festa
1039 4242 1230 4318 Angeronati'a
1244 4241 1410 4298 dicebantur.

269 4340 385 4398 Solinus
399 4341 421 4400 1.
438 4345 456 4398 6
477 4340 557 4399 Inter
576 4345 783 4419 antiquissimas
803 4362 869 4400 sane
889 4342 1033 4418 celrgioiies
1053 4341 1180 4399 sacellum
1201 4341 1301 4397 colitur
1314 4337 1410 4414 Ange·

268 4457 358 4507 ranae,
373 4440 608 4514 cuisocri'ficatur
622 4442 762 4500 antediem
777 4439 851 4499 XII
861 4442 886 4498 k.
904 4439 966 4498 Ian.
978 4461 989 4496 .·
1010 4459 1077 4515 quoe
1091 4440 1159 4496 diua
1172 4439 1292 4513 praesul
1307 4437 1415 4494 silentii
