3118 5054
554 437 914 501 PROLEGOMENA.
1273 437 1308 493 vii

156 623 337 695 Rathen'um‚
363 625 535 702 episcopum
561 623 765 684 Veronensem
793 623 885 690 annis,
911 622 935 682 si
963 621 1123 680 Ballerinos
1152 621 1308 698 sequimur,

155 743 309 800 931-933›
326 726 478 800 946-948,
494 725 647 799 961—968.
689 721 748 782 Hic
771 723 800 780 in
823 738 958 780 sermone
979 739 1068 797 quem
1087 720 1224 779 Veronae
1246 733 1308 779 cre-'

155 823 233 881 ditur
247 822 383 882 habuisse
398 840 478 882 anno
494 824 553 898 965
568 822 641 882 haec
656 822 732 880 dicit.
776 819 881 899 (Serm.
896 819 949 878 XI.
965 838 994 896 p.
1007 821 1065 894 ⁶39
1081 818 1118 896 B)
1137 817 1215 890 Ouili
1223 819 1256 876 de
1268 839 1310 877 me

154 921 244 979 diere
259 923 344 992 acoleo,
359 921 429 996 quid
440 923 516 980 ualco
528 923 654 997 cogitare,
669 927 695 978 el
708 927 740 977 ul
753 921 847 994 turpio
861 919 1001 988 subsilens,
1017 918 1126 976 lrmmsta
1142 918 1228 975 solum
1242 928 1308 993 pro-

154 1018 243 1076 hibita
263 1020 326 1077 lice!
343 1020 507 1094 depromm
521 1021 551 1076 si
566 1020 595 1076 in
614 1019 670 1095 lege
686 1019 737 1088 dei,
753 1023 787 1075 ul
799 1017 938 1074 debitorem
955 1036 996 1074 ate
1002 1017 1073 1094 flere
1088 1035 1142 1074 non
1158 1017 1253 1088 nescio,
1266 1017 1311 1075 dre

155 1116 235 1196 (noa)
247 1118 362 1176 medelae
372 1125 495 1188 senocto,
508 1116 650 1176 Catullum
665 1135 813 1192 numquam
827 1123 906 1174 anto
917 1116 1021 1184 lectum,
1031 1115 1166 1172 Plautum
1178 1116 1234 1172 iam
1245 1115 1311 1174 oleis

154 1217 215 1291 lega
223 1236 271 1272 nec
282 1216 385 1287 lectum,
396 1217 529 1274 mursiam
539 1217 646 1292 quondo
659 1226 735 1291 saepe
748 1222 862 1290 rogatas
876 1211 1016 1290 eapono¹ss
1045 1213 1124 1272 Hinc
1136 1213 1313 1273 Leutschius

156 1327 185 1372 et
201 1313 371 1373 Schwabius
388 1315 569 1374 concludunt
583 1314 754 1374 Ratherium
769 1313 873 1372 Catulli
889 1314 995 1372 librum
1013 1313 1043 1370 in
1060 1312 1236 1372 bibliotheca
1249 1312 1311 1371 Ve-

157 1413 278 1470 ronensi
297 1414 468 1490 repperisse,
489 1413 586 1489 ibique
605 1432 667 1471 non
687 1423 772 1472 antea
791 1412 898 1472 lectum
917 1411 1030 1488 legisse.
1056 1403 1059 1408 ’
1075 1410 1134 1470 Sed
1156 1411 1226 1469 nihil
1248 1421 1309 1470 tam

154 1529 299 1586 ntagnum
320 1512 389 1570 dicit
411 1511 575 1571 Ratbertus.
616 1511 713 1571 Potuit
735 1509 840 1572 Catulli
861 1511 966 1568 librum
987 1529 1004 1568 a
1024 1509 1119 1569 Gallia
1140 1528 1240 1568 secum
1261 1511 1309 1568 uel

156 1625 194 1667 ex
222 1608 278 1666 alia
306 1610 378 1669 urbe
402 1608 503 1670 Italica
528 1609 650 1669 fortasse
674 1610 762 1668 etiam
787 1629 823 1668 ex
849 1607 948 1667 Roma
970 1607 1121 1666 Veronam
1150 1619 1308 1684 asportare.

155 1704 344 1782 Quacunque
368 1709 446 1766 enim
472 1709 631 1780 inuenerat,
646 1725 709 1768 non
730 1718 790 1766 erat
811 1725 879 1766 eum
900 1725 936 1764 ex
957 1708 1093 1765 manibus
1115 1707 1308 1782 depositurus,

156 1805 201 1862 uir
229 1823 267 1862 ex
296 1805 471 1865 doctissimis
499 1806 607 1866 saeculi
635 1807 718 1876 illius,
745 1816 773 1864 et
797 1807 838 1865 ob
861 1805 992 1881 peritiam
1017 1804 1177 1863 liberalium
1206 1805 1309 1863 artium

156 1905 361 1981 episcopatum
376 1907 508 1983 adeptus,
523 1907 660 1983 idemque
675 1906 820 1965 familiaris
836 1905 998 1975 Hincmari,
1009 1905 1138 1980 episcopi
1155 1902 1310 1962 Remensis

157 2001 352 2062 eruditissimi.
395 2003 546 2082 Perpauca
560 2005 704 2063 tamenin
718 2004 847 2063 Ratherii
867 2005 980 2081 scriptis
1000 2003 1099 2061 inueni
1113 2020 1188 2078 quae
1204 2001 1310 2062 Catulli

158 2103 288 2160 carmina
315 2119 384 2161 eum
412 2103 518 2178 legisse
546 2113 696 2163 testentur.
747 2102 853 2178 Neque
877 2101 947 2160 illud
972 2103 1087 2171 mirum,
1113 2119 1208 2178 pauca
1231 2101 1310 2158 enim

157 2211 274 2259 exstant
295 2219 370 2278 quae
391 2212 459 2278 post
480 2213 596 2279 tempus
617 2203 724 2279 scripta
745 2204 900 2262 credantur
917 2219 976 2278 quo
992 2201 1138 2260 Catullum
1160 2218 1191 2258 se
1212 2200 1310 2275 legere

158 2299 236 2358 dicit.
270 2299 404 2358 Plautum
415 2301 535 2376 quidem
546 2318 608 2358 non
619 2318 684 2360 raro
698 2301 781 2359 affert
795 2319 829 2359 ac
842 2299 1023 2370 Terentium,
1034 2299 1124 2358 rarius
1136 2297 1310 2368 Phaedrum,

156 2399 275 2473 saepius
298 2397 457 2456 Horatium
480 2398 650 2458 quenalem
675 2398 814 2469 Persium,
839 2399 985 2457 interdum
1010 2398 1097 2456 etiam
1126 2414 1188 2455 non
1215 2397 1311 2456 nomi·

158 2491 269 2554 natos².

159 2733 222 2779 enim
239 2731 327 2780 habent
344 2747 464 2779 sanorum
481 2731 565 2781 obstiti
580 2733 664 2788 bisses,
677 2747 745 2796 quarn
758 2743 783 2784 ut
795 2735 918 2796 quicquam
931 2735 961 2781 de
971 2749 1000 2781 eo
1012 2734 1155 2794 exploratum
1172 2732 1209 2780 sit.
1243 2733 1309 2780 Nihil

158 2817 188 2863 de
200 2816 293 2863 Catullo
309 2816 365 2863 dicit
377 2817 494 2871 Alcuinus,
506 2817 685 2878 Archepiscopus
696 2817 851 2874 Eboracensis,
863 2818 886 2864 in
898 2817 999 2864 camnine
1009 2817 1072 2878 quod
1084 2817 1112 2863 de
1124 2816 1271 2864 Pontificibus
1286 2825 1310 2864 et

159 2901 243 2948 sarrctis
259 2900 374 2948 Ecclesiae
391 2900 540 2948 Eboracensis
557 2903 646 2962 scripsit
657 2901 699 2963 (ll.
715 2917 737 2963 p.
752 2913 798 2963 257
815 2901 996 2964 ed.1777)nes
1013 2914 1143 2961 quenquam
1160 2901 1265 2947 nominat
1283 2900 1312 2947 de

159 2983 233 3044 poetis
245 2983 284 3044 qui
296 2983 390 3044 quidem
403 2997 448 3029 non
461 2983 507 3030 sint
517 2983 648 3031 recentioris
660 2983 710 3030 aeui
722 2992 811 3043 praeter
823 2983 950 3047 Vergilium
962 2983 1061 3030 Statium
1074 2982 1200 3030 Lucanum.

193 3063 201 3092 ¹
220 3065 325 3112 Ratherii
337 3065 414 3126 Opera
425 3067 460 3112 ed,
475 3066 580 3113 Ballen'ni
596 3083 619 3130 p.
628 3063 677 3130 639
718 3068 786 3114 Hunc
798 3081 927 3114 sennonem
939 3065 1044 3113 Veronae
1056 3065 1161 3112 habitum
1174 3065 1205 3112 sic
1217 3065 1311 3112 conclu·

159 3149 235 3202 ditus;
252 3157 327 3194 cetera
347 3163 406 3209 quae
426 3149 449 3194 in
467 3149 584 3196 codicibus
604 3149 747 3210 reperiuntur
764 3150 805 3196 ubi
824 3150 880 3196 haec
899 3149 981 3209 scripta
1000 3157 1060 3203 sunt,
1078 3148 1155 3194 omnia
1175 3148 1203 3195 ad
1221 3157 1312 3209 tempus

160 3231 275 3292 pertinent
292 3231 354 3291 quod
369 3230 506 3278 Retherium
519 3231 623 3279 Veronae
640 3233 735 3278 tertium
752 3232 883 3279 restitutum
900 3242 1003 3279 secutum
1020 3239 1061 3278 est.
1095 3231 1151 3277 Sunt
1169 3239 1247 3278 autem
1264 3245 1311 3278 ser·

161 3327 241 3360 mones
259 3327 348 3360 omum.
383 3313 472 3360 Horum
490 3315 600 3361 secundus
619 3317 664 3376 (est
683 3315 711 3362 de
728 3314 924 3378 Quadragesima)
942 3314 1037 3374 scriptus
1056 3313 1147 3360 uidetur
1167 3328 1228 3360 anno
1247 3311 1312 3378 965:

162 3395 210 3455 ipse
227 3395 288 3440 enim
306 3395 382 3442 locum
397 3395 476 3443 laudat
493 3411 522 3443 ex
537 3412 566 3443 eo
579 3396 673 3444 ineunte
684 3411 745 3443 anno
757 3394 808 3460 966
819 3396 881 3456 (uide
894 3395 1020 3461 Qalitntis
1033 3395 1192 3442 Coniecturam
1208 3411 1231 3457 p.
1243 3395 1312 3456 381).

160 3477 265 3524 Sermoni
284 3477 375 3524 additur
394 3478 510 3542 apologia,
529 3479 614 3540 inqua
633 3479 771 3526 haecdicit.
806 3479 877 3526 'Non
895 3479 951 3525 decit
969 3477 1093 3526 Instemus
1109 3476 1234 3540 Episcopus
1251 3479 1315 3541 puori

161 3559 269 3606 ‘mulum
285 3560 364 3619 saciat
385 3560 427 3622 qui
446 3561 514 3608 uadit
536 3561 570 3608 ad
586 3560 715 3608 Ecclesiam
738 3561 810 3608 saneti
832 3561 953 3608 Michaelis
976 3571 1018 3607 aut
1040 3561 1106 3608 asedit
1129 3560 1221 3607 missam
1240 3561 1313 3610 saneti

161 3641 318 3690 'Milaeiis’
353 3643 477 3690 Ecclesiam
493 3644 580 3705 deque
596 3643 696 3704 loquitur
712 3644 818 3692 ballerini
835 3653 917 3704 putant
933 3653 991 3690 esset
1007 3643 1028 3690 S.
1041 3643 1161 3690 Michaelis
1176 3645 1205 3691 ad
1219 3653 1311 3705 portam

163 3725 330 3781 bursariomm,
342 3725 455 3774 Veronae.
488 3727 594 3774 Veronae
605 3726 675 3790 igitur
686 3737 710 3775 et
721 3727 759 3774 hic
771 3742 846 3774 sermo
857 3735 881 3774 et
892 3727 962 3773 ceteri
974 3726 1046 3774 habiti
1059 3735 1118 3773 sunt.

194 3805 205 3834 ²
221 3807 291 3867 Epist.
305 3808 323 3855 l.
358 3809 429 3874 Quod
446 3808 504 3869 iuris
520 3811 566 3872 ipse
584 3825 628 3856 nors
647 3826 699 3857 sum
714 3810 806 3871 proprii
821 3819 843 3857 et
858 3811 949 3856 dmum
968 3811 992 3855 in
1009 3824 1056 3856 sese
1073 3809 1136 3871 quod
1151 3823 1220 3855 nemo
1237 3817 1313 3858 tentat

161 3888 299 3936 descendere
310 3889 383 3950 (Pers.
394 3891 423 3938 V.
437 3891 487 3952 aa).
521 3891 593 3952 Epist.
606 3893 647 3938 lll.
665 3892 745 3939 Naues'
757 3893 856 3953 pendam
867 3891 925 3954 quid
933 3893 1034 3939 mendax
1046 3891 1149 3946 Graecia,
1160 3891 1218 3954 quid
1224 3892 1312 3953 poetica

160 3971 293 4034 garrulitas
304 3980 391 4033 semper
402 3973 544 4034 desaisitate
555 3974 642 4034 referat
653 3985 745 4029 ornata,
755 3975 889 4036 posthabens
900 3975 988 4022 iontem
1000 3974 1137 4021 caballinum
1149 3973 1313 4035 bicipitemque

162 4055 298 4101 Pamassnnt
318 4055 518 4118 <quen.X.174,
537 4058 591 4104 Pers
617 4058 668 4105 Ptol
691 4057 716 4117 a)
740 4057 782 4118 Ep.
796 4058 850 4105 Xll.
871 4057 977 4122 Quidam
996 4057 1112 4118 presbyter
1129 4071 1166 4103 me
1183 4072 1209 4103 os
1227 4057 1315 4105 uuluae

162 4151 255 4183 ...me
270 4135 384 4195 fellonem
406 4137 558 4186 laudatorem
581 4148 648 4202 atqua
667 4139 787 4201 periurum
809 4138 935 4201 appellauit
955 4141 980 4200 (ξ
998 4139 1048 4198 12).
1081 4139 1127 4185 Hie
1146 4153 1216 4200 quum
1236 4155 1313 4188 omnes

162 4217 224 4264 illud
235 4217 399 4267 Terentianum
416 4221 541 4268 umutesem
556 4221 675 4270 iustissime
691 4223 824 4282 respondere
839 4223 861 4270 0
879 4223 965 4269 iactum
982 4223 1040 4270 bene
1052 4222 1118 4284 (Ter.
1129 4224 1189 4269 And.
1203 4223 1220 4269 l.
1235 4236 1255 4271 t.
1269 4225 1311 4286 78)

159 4300 256 4360 potuim
271 4300 347 4364 magis
362 4303 465 4350 uniuersi
478 4312 669 4365 concrepaummt
683 4305 788 4352 stridore.
822 4305 946 4365 Qualitatis
960 4306 1098 4353 Coniectura
1114 4321 1138 4366 p.
1150 4309 1230 4368 377A
1248 4307 1314 4356 Mul-

162 4393 195 4430 tos
215 4399 349 4431 meratus
369 4385 479 4448 ignobiles
501 4386 587 4434 nostia
606 4396 671 4448 saepe
687 4387 775 4448 secisse,
796 4389 985 4451 nobilitatemque
1005 4403 1034 4436 ex
1054 4389 1157 4450 potentia
1177 4399 1201 4435 et
1220 4393 1313 4451 proprio

163 4475 215 4512 actu
235 4482 305 4528 quarn
325 4483 354 4516 ex
375 4467 457 4524 alieno,
474 4469 585 4516 Sallustio
604 4479 664 4524 teste,
683 4472 788 4531 pendere.
823 4471 966 4518 ltiuerarium
984 4487 1005 4531 p.
1017 4473 1100 4534 440D
1119 4469 1237 4534 digitoque
1248 4487 1313 4520 corn-

163 4563 254 4607 pescens
272 4549 378 4596 labellum
396 4549 509 4612 (quenal.
521 4553 537 4599 l.
555 4549 620 4611 160).
655 4553 725 4600 Sernr.
742 4555 771 4602 ll.
791 4570 813 4616 p.
831 4553 914 4614 5881)
932 4554 1028 4600 surdum
1048 4555 1125 4603 meotis
1142 4569 1186 4600 reon
1204 4555 1314 4614 praebeat
