3032 5056
513 422 741 488 CARMEN
771 425 904 492 LXVII.
1222 430 1286 499 159

255 603 376 670 Verum
399 617 448 672 est
471 627 506 673 os
529 612 639 695 populi
665 615 814 698 ‘ianua,’
836 614 971 704 Quae,
994 615 1124 699 ‘facit,'

212 716 291 805 Qui,
313 739 503 805 quacunque
525 723 831 810 aliquidreperitur
855 747 921 790 non
945 727 1027 792 bene
1049 727 1185 812 factum,

254 831 307 893 Ad
330 852 384 896 me
407 853 522 898 omnes
544 837 710 902 clamant:
741 839 851 924 ianua,
874 840 967 924 culpa
990 851 1046 904 tua
1069 849 1129 906 est.

616 1029 794 1074 CATVLLVS.

210 1123 291 1188 Non
317 1126 402 1189 istuc
423 1128 506 1190 satis
529 1137 579 1191 est
603 1149 668 1194 uno
691 1140 726 1194 te
749 1130 858 1194 dicere
880 1133 989 1216 uerb0‚

251 1236 313 1300 Sed
337 1237 444 1302 facere
468 1249 504 1303 ut
525 1243 633 1324 quiuis
656 1244 779 1306 sentiat
802 1253 838 1308 et
859 1244 980 1309 uideat.

649 1432 765 1478 rtuvo.

208 1527 276 1617 Qi
298 1533 454 1614 possum?
486 1552 585 1596 nemo
606 1537 733 1617 quaerit
757 1555 818 1598 nec
840 1538 922 1598 scire
946 1535 1078 1600 laborat.

617 1727 794 1772 comeus.

252 1823 329 1889 Nos
351 1826 520 1891 uolumus:
549 1827 644 1891 uobis
666 1827 776 1892 dicere
798 1847 840 1892 ne
862 1829 987 1893 dubita.

649 2015 765 2061 1111111.

205 2114 353 2180 Primum
376 2117 488 2201 igitur,
511 2118 604 2200 uirgo
624 2118 709 2201 quod
731 2118 834 2181 fertur
855 2117 978 2181 tradita
1003 2117 1108 2201 uobis,

251 2229 383 2293 Falsum
406 2241 468 2297 est.
513 2229 597 2294 Non
620 2231 713 2294 illam
735 2233 785 2295 uir
808 2234 895 2316 prior
917 2233 1077 2316 attigerit,
1249 2263 1281 2298 ιο

204 2341 410 2426 Languidior
433 2351 548 2406 tenera
568 2345 623 2408 cui
645 2343 791 2428 pendens
812 2344 915 2408 sicula
936 2345 1012 2408 beta

156 2592 198 2628 12.
235 2593 287 2628 om.
300 2572 417 2628 La³det
429 2575 550 2627 Muretus
678 2573 723 2628 isti
738 2571 1030 2628 ABcHLLa¹La²Vhd
1142 2575 1218 2628 istius
1228 2576 1279 2629 'GO

120 2645 175 2698 ‘otis
188 2645 308 2699 DLa⁴ac
388 2645 442 2698 isto
454 2647 592 2698 Parisinus
606 2650 675 2711 7989
748 2645 850 2713 populo
861 2647 996 2699 Parisinus
1010 2651 1078 2710 8233
1092 2656 1117 2698 et
1129 2647 1279 2701 Dresdensis

119 2738 162 2786 qut
182 2731 210 2770 11·
235 2714 644 2772 ABGDGHLLa¹La²0VhasA
743 2716 791 2784 qui
809 2732 844 2769 tte
860 2715 916 2769 Μ
1025 2715 1091 2770 fecit
1108 2738 1126 2771 a
1234 2719 1278 2772 isti

118 2788 221 2854 populo
235 2788 317 2840 ianua
329 2787 453 2856 quidque
465 2786 533 2840 iacit
546 2786 608 2840 ΑΜ.
624 2789 647 2840 1.
660 2787 739 2840 Doer.
752 2786 809 2840 Sili.
889 2787 946 2840 istis
958 2788 1051 2854 probri
1064 2788 1143 2841 ianua
1157 2788 1278 2858 quidque

118 2857 182 2910 iacit
195 2860 298 2912 Statius
411 2858 456 2910 isti
468 2858 561 2926 populi
574 2857 672 2924 nainia,
686 2858 799 2926 Qinte,
811 2856 886 2923 facit,
898 2857 1012 2927 Scaliger
1119 2860 1163 2912 isti
1175 2860 1278 2927 populo

118 2928 197 2982 ianua
210 2927 281 2998 quid
293 2927 396 2983 faciat?
413 2929 514 2982 Vossius
527 2928 599 2997 Vulp.
687 2928 759 2981 istud
771 2929 863 2996 populi
875 2928 974 2994 fabula,
988 2928 1101 2998 Quinte,
1113 2929 1179 2984 facit
1191 2933 1278 2984 Lach-

118 3019 228 3053 mannus
246 3001 346 3068 Ptaupt.
430 2998 503 3052 istud
524 2999 618 3068 populi
636 3015 709 3052 uana
727 2999 840 3082 quercia
851 2998 917 3052 iacit
930 2999 1032 3082 nysius
1121 3001 1164 3054 isti
1177 3004 1278 3069 populo

117 3069 580 3208 ..ffiqoffirffl
593 3071 1278 3210 aodtdiiffltttiffdffli

118 3213 186 3266 Post.
200 3212 268 3282 (Ad
279 3212 354 3265 Fam.
367 3213 419 3266 IX.
434 3211 466 3282 tt)
479 3211 560 3264 Nosti
578 3212 653 3264 enirn
670 3210 798 3280 profecto
816 3227 847 3264 os
865 3211 1088 3266 adulescentioris
1103 3214 1277 3271 Academiae.

118 3284 193 3337 esur.
210 3283 245 3335 de
264 3282 334 3335 Attio
349 3293 375 3334 et
392 3283 560 3335 Rossbachius
580 3301 682 3335 uersum
698 3281 798 3336 Catullo
816 3285 961 3352 assignant,
979 3285 1019 3336 cui
1036 3287 1143 3338 ianuam
1159 3288 1187 3340 in
1205 3305 1229 3340 u.
1246 3305 1275 3352 13

116 3355 268 3424 respondere
279 3353 454 3420 arbitrantur,
466 3353 601 3406 scribentes
612 3353 662 3420 ille,
676 3353 720 3406 isti
732 3353 841 3422 popule,
856 3354 944 3420 ianua,
956 3355 1039 3424 quine
1051 3354 1135 3411 tacit?
1152 3357 1193 3410 hic
1205 3358 1277 3412 istud

118 3426 221 3494 populi,
238 3425 327 3490 ianua,
340 3425 458 3493 quisque
474 3423 550 3477 facit.

155 3513 197 3562 13.
269 3496 315 3548 uit
333 3510 508 3564 quacumque
520 3495 596 3548 Cous.
608 3495 639 3546 de
651 3493 721 3547 Alto
732 3493 908 3549 Rossbachius.

154 3584 198 3632 ¹4·
236 3568 262 3619 A
295 3581 392 3619 ornnes
403 3581 449 3620 me
461 3567 492 3618 H
559 3573 608 3618 tua
619 3565 699 3635 culpa
711 3567 784 3619 esth
853 3567 936 3620 tua’st
947 3567 1083 3637 Houptius.

154 3654 197 3702 15.
238 3637 382 3690 estom.h.

155 3712 198 3762 16.
237 3715 270 3761 ut
276 3720 328 3777 pro
340 3714 369 3760 et
381 3708 417 3760 H.

155 3795 198 3842 ¹7·
239 3783 313 3847 Qrtd
332 3774 665 3832 ABDGHLLo¹la²OVa
678 3777 772 3830 Aldl.
786 3778 996 3833 Guar.cosrr.de
1009 3779 1078 3833 Altis
1140 3783 1195 3852 Qi
1208 3785 1280 3838 chod

119 3849 272 3902 duramus
292 3859 318 3901 et
337 3851 455 3903 Petreius
477 3860 539 3901 teste
560 3849 733 3914 Lachmanno,
749 3848 823 3918 uulgo
841 3859 866 3902 et
885 3852 993 3905 Lachm.
1029 3885 1034 3890 -
1112 3855 1211 3920 possim
1229 3859 1276 3911 Da

119 3935 202 3974 nemo
227 3935 340 3988 possum
363 3921 395 3972 H
520 3919 587 3988 quid
610 3920 696 3988 possis
720 3920 841 3990 Scaliger,
864 3925 907 3990 qui
930 3941 1031 3976 uersum
1055 3923 1154 3978 Caudio
1177 3929 1277 3998 tribuit,

120 3993 232 4046 Vossius.
1149 4023 1158 4042 .

157 4067 200 4117 18.
239 4060 415 4115 uolumus&
430 4063 456 4115 V
522 4063 596 4112 uobi-
612 4061 683 4115 codd.
752 4061 831 4115 nobis
842 4063 969 4118 Muretus.

158 4150 201 4199 ¹9·
239 4132 336 4202 quida
408 4131 488 4184 uobis
499 4150 522 4186 c.

157 4220 201 4258 ιο.
238 4209 282 4256 est
294 4222 344 4256 om.
359 4203 410 4255 Lo
422 4223 459 4257 m.
465 4214 511 4272 pr.
592 4217 701 4270 nanque
712 4203 733 4254 d
744 4202 872 4256 Auants'us
952 4221 1007 4258 non
1020 4207 1066 4275 qui
1079 4209 1194 4281 Scaliger
1206 4215 1276 4270 Voss,

121 4274 193 4357 ΜΡ.
201 4275 301 4344 Harqtt.
311 4274 385 4341 Heys.
456 4273 531 4341 prius
542 4291 556 4325 c
626 4273 754 4340 attigerat
765 4275 802 4328 hd
814 4277 866 4330 Vic.
876 4277 1060 4331 Riccardianru
1071 4299 1090 4333 a
1101 4300 1137 4336 m.
1143 4296 1189 4353 pr.
1202 4287 1276 4360 uulgo

120 4346 245 4412 attigerit
256 4345 439 4398 totmanno
452 4344 542 4397 Rossb.
554 4343 676 4398 Schwab.

157 4483 202 4520 21.
237 4466 333 4520 onio·
370 4466 668 4530 rsdeadtttmu
782 4419 905 4537 sidulal.
1020 4475 1275 4538 succulacrssstm

121 4536 246 4592 beataA
329 4534 529 4592 bethaBLa¹V
610 4537 702 4590 lctaa.
